3067 5042
731 371 970 434 -1‘14-

265 533 356 595 uerba
381 531 470 594 ‘Num
484 536 551 612 iam,
570 533 653 614 dnra,
676 528 784 612 paras’.
816 532 928 611 ltaque,
952 551 1130 612 qrramquam
1148 533 1279 594 nondum
1297 531 1355 592 sibi
1370 549 1437 590 con-

265 640 333 713 stet,
357 632 496 710 quidnam
515 641 601 711 poeta
621 633 786 712 scripserit,
808 633 841 690 in
858 630 1042 691 emendando
1062 633 1228 693 certissime
1249 631 1439 709 proticiscen-

160 723 171 747 ‘
266 729 335 789 dum
360 749 424 790 csse
449 730 518 790 aN.
550 730 654 808 Neque
678 729 763 790 aliter
787 728 897 789 iudicat
919 728 981 788 Leo
1004 749 1031 808 p
1051 727 1115 791 447
1136 738 1166 790 et
1184 728 1245 790 ullo
1264 727 1350 788 modo
1375 727 1440 786 fieri

265 829 397 906 potuisse
422 837 521 909 negat,
550 837 584 888 ut
606 827 792 906 Neapolitani
819 825 911 886 uerba
937 827 1152 888 inueherentur
1175 846 1193 886 a
1215 826 1335 886 librario
1359 844 1376 884 e
1400 823 1440 882 lll

266 923 317 1005 19,
336 923 387 1006 27,
411 925 491 1004 quod
515 927 624 986 lactum
649 943 714 986 esse
735 923 805 985 Luc.
825 923 985 986 Muellerus
1009 928 1187 1006 suspicatur.
1224 924 1282 984 Sed
1307 931 1340 983 ut
1362 922 1440 983 banc

265 1023 398 1084 bluelleri
426 1026 602 1084 sententiam
632 1025 697 1082 iure
726 1024 840 1082 reicere
868 1021 916 1082 ille
945 1024 1018 1084 mihi
1044 1025 1230 1086 uidetur-
1264 1040 1333 1082 enm
1361 1023 1441 1079 enim

266 1120 375 1183 nullam
398 1121 621 1184 similitudinem
645 1120 785 1198 indagare
814 1121 924 1198 possim
953 1123 1031 1180 inter
1056 1121 1110 1181 hos
1137 1122 1212 1181 duos
1235 1121 1329 1198 locos,
1358 1120 1441 1178 casui

266 1217 487 1282 attribuendum
511 1227 598 1299 puto,
628 1218 706 1297 qnod
730 1219 760 1276 in
785 1219 942 1296 utriusque
967 1237 1074 1280 uersus
1097 1222 1182 1281 initio
1206 1219 1327 1278 eaedem
1350 1235 1441 1275 uoces
1485 1268 1489 1277 .

266 1319 442 1377 coniunctae
466 1326 595 1378 sunt-
620 1319 659 1376 ita
684 1324 792 1395 cetera,
816 1333 891 1394 quae
915 1316 1030 1394 prolert
1053 1316 1237 1396 reprobanda
1262 1333 1328 1374 esse
1342 1314 1440 1396 'modo

266 1413 524 1475 demonstraturus
552 1433 626 1476 sum.
672 1413 765 1473 Antea
794 1420 892 1472 autem
921 1411 1054 1474 Brandtii
1081 1417 1193 1475 mentio
1224 1412 1356 1473 facienda
1386 1419 1440 1490 est,
1495 1406 1497 1500 l

266 1512 317 1589 qui
342 1520 371 1571 et
399 1515 461 1591 ipse
485 1512 670 1592 Neapolitani
698 1513 865 1590 scripturae
893 1513 1036 1570 maiorem
1063 1512 1199 1573 uindicat
1223 1512 1440 1588 auctoritatem,
1497 1510 1498 1585 l

266 1625 333 1668 cnm
362 1610 427 1669 lieri
454 1629 543 1689 posse
572 1617 672 1691 neget,
701 1618 734 1670 ut
763 1617 831 1687 post
853 1607 1032 1686 patheticam
1060 1609 1138 1670 illam
1163 1628 1306 1670 uersuum
1332 1606 1440 1669 1—10
1498 1606 1499 1679 l

265 1708 444 1787 orationem,
473 1717 540 1788 post
568 1708 680 1769 ualidas
709 1706 889 1784 blandasque
919 1724 1062 1768 uersuum
1089 1706 1217 1769 12—18
1246 1709 1441 1784 cogitationes
1499 1704 1500 1779 l

266 1811 408 1882 sequatur
432 1808 638 1884 interrogatio:
666 1803 743 1864 Num
767 1806 826 1864 iam
853 1820 939 1881 paras
962 1823 1009 1865 me
1033 1803 1225 1885 relinquere?
1271 1805 1373 1883 ltaque
1397 1812 1442 1884 ut,
1499 1802 1501 1865 l

266 1903 337 1981 quid
362 1921 416 1981 ego
440 1907 564 1964 sentiam
589 1903 645 1963 hoc
665 1902 701 1962 de
723 1901 750 1980 l,
774 1901 895 1964 tandem
917 1906 1056 1984 aperiam,
1079 1908 1125 1985 iis,
1148 1924 1224 1983 quos
1248 1902 1342 1983 attuli,
1364 1904 1440 1962 uiris
1501 1899 1502 1955 l

264 2001 338 2061 haec
361 2001 490 2062 libenter
513 2001 644 2062 concedo
668 2018 765 2078 neque
790 1998 998 2078 corruptelae
1023 2001 1125 2063 uerbis
1153 1998 1264 2080 ‘Nunc,
1293 2010 1339 2080 tu,
1366 2000 1442 2059 derra
1502 1998 1503 2027 ¹

265 2095 363 2178 paras'
388 2102 471 2162 nasci
493 2102 626 2179 potuisse
650 2097 722 2160 illud
741 2097 925 2176 Neapolitani
951 2095 1027 2162 ‘Non
1047 2108 1146 2160 tamen
1164 2092 1324 2160 immerito'
1344 2115 1441 2175 neque
1503 2112 1504 2131 ³

266 2198 388 2258 consilio
416 2197 465 2258 illa
494 2197 585 2258 uerba
614 2200 644 2257 in
671 2197 744 2256 haec
773 2214 839 2256 esse
868 2205 993 2278 mutata,
1026 2202 1167 2278 quoniam
1190 2217 1227 2257 ne
1256 2198 1441 2257 enuntiatum

267 2295 387 2372 quidem
406 2297 549 2377 efficiunt,
572 2295 624 2356 sed
643 2296 707 2355 lieri
727 2294 861 2373 potuisse
881 2297 1038 2378 contendo,
1063 2305 1096 2357 nt
1114 2314 1217 2357 errore
1236 2293 1350 2354 librarii
1368 2293 1441 2352 haee

267 2391 428 2453 lectionum
452 2393 650 2472 discrepantia
674 2401 821 2452 oreretur.
868 2393 945 2464 Quid
969 2397 1049 2455 enim
1073 2414 1127 2454 nos
1151 2400 1282 2454 statuere
1306 2399 1389 2451 uetat
1410 2393 1442 2450 in

266 2508 301 2549 eo
321 2489 416 2570 libro,
439 2508 455 2549 e
480 2508 538 2567 quo
562 2488 586 2547 N
610 2483 742 2570 linxit¹),
771 2489 806 2548 ad
831 2490 1037 2569 explicandum
1061 2511 1168 2554 uersus
1192 2509 1313 2551 sensum
1337 2489 1443 2547 autin
1507 2490 1508 2495 ’

233 2623 235 2630 -
266 2590 397 2665 margine
428 2596 478 2647 aut
510 2605 600 2665 supra
633 2586 739 2646 lineam
769 2588 913 2664 scriptum
945 2591 1036 2649 baisse
1067 2590 1140 2650 illud
1169 2582 1354 2665 ‘immerito'‚
1386 2587 1442 2646 bac

190 2717 193 2724 -
266 2688 426 2745 sententia:
459 2685 515 2746 hoc
539 2686 575 2745 de
600 2693 628 2744 te
658 2701 718 2743 non
745 2686 856 2765 merui,
884 2695 917 2748 ut
944 2706 960 2746 a
988 2705 1036 2746 me
1064 2687 1218 2747 discedere
1246 2702 1379 2764 parares,
1412 2693 1444 2745 et

268 2783 374 2842 deinde
394 2802 496 2845 errore
516 2784 628 2844 librarii
647 2785 679 2842 in
698 2789 813 2842 textum
832 2782 1012 2863 irrepsisse?
1047 2785 1151 2846 Nonne
1171 2785 1227 2845 hoc
1246 2784 1333 2844 modo
1353 2786 1444 2843 etiam

265 2878 295 2938 id
325 2880 439 2942 lucilius
467 2882 663 2963 intellegitur,
696 2880 775 2959 quod
805 2881 988 2962 Neapolitani
1021 2883 1113 2945 uerba
1145 2901 1266 2942 sensum
1298 2880 1444 2960 praebent

266 2976 401 3039 nullum?
438 2979 595 3041 Praeterea
610 2999 678 3040 oum
693 2998 730 3040 ne
746 2975 869 3039 ‘tamen'
884 2981 1012 3061 quidem,
1035 2963 1089 3060 pro
1112 3001 1170 3062 quo
1185 2979 1238 3039 DV
1252 2974 1309 3038 ‘tu'
1323 2978 1444 3059 habent,

266 3076 426 3136 delendere
456 3077 617 3157 quidquam
646 3097 699 3138 nos
727 3086 826 3156 cogat,
856 3078 962 3140 nucula
992 3074 1108 3140 ‘Nunc'
1137 3096 1205 3139 cum
1233 3076 1382 3154 Scaligero
1410 3078 1445 3136 in

268 3168 368 3233 ‘Num'
393 3176 544 3235 immutata
569 3195 636 3236 cum
661 3175 771 3234 lamilia
795 3175 846 3234 DV
869 3176 1061 3237 scribendum
1085 3180 1156 3238 erit:
1184 3175 1260 3235 Num
1284 3182 1331 3254 tn,
1358 3174 1444 3252 dura,

267 3287 354 3348 paras
374 3289 444 3349 eqs,
468 3280 500 3331 ut
520 3275 614 3331 oratio
634 3290 779 3332 conuersa
799 3274 838 3333 sit
856 3273 891 3332 ad
911 3273 1074 3354 Cynthium,
1094 3278 1158 3335 sine
1177 3279 1347 3352 praetorem
1366 3271 1444 3330 lucri

267 3367 394 3426 laciendi
418 3385 505 3427 cansa
530 3371 614 3446 sequi
638 3371 767 3429 animum
792 3387 826 3429 ea
849 3369 1015 3451 induxerat,
1042 3376 1106 3431 siue
1131 3372 1204 3431 nibil
1228 3373 1284 3430 nisi
1308 3370 1459 3429 immani--

269 3466 337 3525 tatis
367 3465 532 3544 exemplum
561 3474 648 3543 poeta
679 3469 705 3526 ei
734 3468 881 3545 proponit.
927 3467 1060 3528 Brandtii
1093 3476 1192 3527 autem
1225 3476 1444 3546 argumentum,

268 3581 326 3641 quo
354 3564 454 3642 inepte
483 3563 539 3622 hnc
563 3563 580 3623 l.
604 3564 691 3624 talem
721 3566 983 3645 interrogationem
1012 3563 1185 3626 collocatam
1212 3583 1278 3623 esse
1307 3565 1444 3644 affirmat,

267 3660 340 3720 nibil
364 3661 464 3721 ualere
488 3663 676 3722 manifestum
701 3669 761 3743 est,
785 3680 853 3722 cum
877 3681 926 3722 uu,
953 3659 1082 3723 19-22
1106 3679 1174 3723 eum
1197 3660 1442 3722 antecedentibus

268 3766 331 3818 arte
361 3759 521 3818 cohaerere
537 3779 636 3842 ¹neum
660 3760 756 3820 adbuc
782 3759 1033 3822 demonstrauerit
1057 3771 1087 3820 et
1109 3767 1214 3840 poetae
1239 3757 1311 3818 nihil
1335 3757 1442 3832 obstet,

269 3859 427 3932 quominus
451 3856 486 3915 ad
511 3859 736 3937 exprimendum
760 3860 850 3920 animi
873 3868 985 3920 motum
1015 3858 1154 3940 similem,
1182 3866 1271 3936 atque
1299 3859 1329 3918 in
1357 3859 1442 3918 initio

268 3953 377 4032 elegiae
401 3957 513 4037 posuit,
544 3959 807 4037 interrogationem
831 3958 888 4017 hoc
911 3957 929 4017 l.
953 3965 1075 4036 repetat.
1117 3957 1178 4018 lam
1201 3975 1261 4016 non
1284 3973 1350 4016 csse
1375 3975 1442 4035 pro·

268 4052 379 4112 bandas
407 4053 504 4114 elucet
532 4057 733 4137 coniecturas,
762 4055 871 4135 quibus
895 4055 955 4116 Leo
979 4064 1010 4115 et
1036 4054 1196 4115 Brandtius
1219 4073 1236 4113 a
1259 4053 1443 4133 Neapolitani

267 4152 402 4228 uestigiis
431 4153 557 4229 proiecti
584 4152 664 4216 hunc
693 4174 721 4216 u.
743 4156 908 4232 integritati
935 4153 1060 4214 reddere
1088 4153 1278 4214 studuerunt.
1321 4151 1380 4212 Sed
1400 4172 1441 4216 ,ne

342 4381 366 4444 tl
385 4377 480 4434 Habet
497 4376 571 4433 enim
591 4378 617 4434 N
637 4381 712 4436 solus
735 4380 839 4438 multas
858 4380 1005 4450 lectiones,
1024 4397 1094 4449 ques
1114 4378 1221 4435 non'ex
1245 4375 1380 4431 Italorum
1399 4378 1441 4434 in·

272 4459 361 4528 geniis
381 4460 463 4514 sede
482 4464 577 4516 uetere
596 4461 673 4516 lente
692 4460 804 4517 fluxisse
823 4461 1085 4517 demonstrauimus.
1196 4509 1202 4516 .
