3067 5042
748 405 987 468 -164-

285 569 388 646 quenti
416 568 547 644 integras
576 584 665 626 uoces
694 561 739 626 ‘te
769 563 833 627 nia'
861 569 1018 628 immutare
1046 567 1095 628 ille
1124 570 1241 647 cogitur
1271 571 1302 628 in
1331 564 1458 630 ‘deuia'.

285 662 387 744 ltaque
412 683 472 724 non
495 663 608 744 dubito,
632 666 703 743 quin
729 673 816 744 poeta
840 663 981 744 Cynthiae
1006 684 1033 726 u.
1053 663 1074 725 5
1098 665 1169 726 illnd
1193 669 1290 744 ipsum
1314 666 1460 746 obiurget,

286 761 364 840 quod
384 769 577 841 conspectum
592 760 818 841 custodiamque
834 781 917 823 snam
932 764 1050 842 lugiens
1064 783 1100 824 ex
1115 763 1189 823 urbe
1204 781 1292 842 saepe
1311 766 1341 823 in
1360 764 1459 825 locum

284 861 366 920 illum
392 862 631 921 amoenissimum
656 879 687 920 se
712 862 846 922 conterat
869 858 921 942 (cl.
946 881 974 923 u.
989 859 1133 940 4:,petis,
1157 870 1188 920 et
1210 880 1238 920 u.
1253 858 1287 921 9:
1311 857 1459 942 currere).

285 959 347 1029 Qua
372 959 408 1019 de
431 977 519 1018 cansa
539 977 606 1020 cum
625 956 811 1037 Neapolitani
835 959 940 1020 uocnla
961 955 1013 1020 ‘te'
1033 961 1160 1038 genuina
1178 958 1312 1019 habenda
1331 961 1378 1039 sit,
1404 963 1460 1019 iam

284 1056 451 1138 uideamus,
481 1057 552 1135 quid
581 1055 647 1116 elici
675 1059 770 1135 possit
797 1076 832 1117 cx
863 1052 979 1118 ‘curua’
1008 1056 1044 1117 ad
1074 1074 1176 1117 ueram
1204 1054 1360 1118 lectionem
1389 1077 1460 1117 con·

199 1147 204 1158 ’
284 1153 472 1216 stituendam.
511 1152 603 1232 Vulgo
628 1154 776 1215 scribunt:
800 1151 911 1215 ‘Curuo
926 1163 955 1216 te
970 1157 1000 1216 in
1015 1149 1072 1235 H.',
1096 1165 1198 1214 contra
1222 1153 1302 1232 leges
1320 1159 1461 1216 metricas

282 1263 359 1314 teste
388 1251 458 1313 Luc.
486 1250 628 1312 Muellero
657 1246 764 1335 (prael.
793 1273 820 1333 p.
844 1247 982 1335 XXXll);
1016 1253 1121 1313 melius
1154 1253 1257 1335 habet,
1288 1254 1366 1332 quod
1393 1257 1460 1332 ipse

283 1353 437 1431 proponit:
466 1350 526 1410 Cur
546 1358 596 1410 ant
615 1360 644 1409 te
663 1348 698 1410 H.
735 1349 831 1412 Etiam
851 1351 967 1411 lacilius
989 1370 1057 1412 cnm
1076 1350 1256 1411 Bnehrensio
1281 1370 1338 1411 una
1360 1350 1460 1412 littera

282 1452 395 1510 inserta
418 1447 609 1509 rescribitur:
633 1444 693 1508 Cur
717 1456 766 1509 tua
793 1442 880 1509 te'll.

242 1580 439 1662 ν1118,19;
493 1580 559 1640 Non
583 1589 628 1641 est
651 1590 731 1642 certa
755 1582 839 1663 fides,
862 1600 949 1661 qnam
974 1602 1032 1644 non
1055 1585 1164 1643 iniuria
1188 1591 1297 1643 uersat.

280 1716 334 1776 Sic
358 1736 387 1776 n.
411 1717 542 1794 scriptus
565 1724 611 1774 est
634 1717 665 1776 iu
688 1703 771 1795 FDV,
796 1734 892 1794 neque
917 1717 1077 1796 quidquam
1103 1716 1275 1777 mutandum
1299 1735 1364 1775 esse
1389 1735 1461 1777 cen-

200 1817 203 1822 '
284 1832 431 1893 seremus,
465 1815 521 1872 nisi
549 1812 588 1892 N,
621 1815 672 1891 qui
700 1831 754 1891 pro
784 1808 914 1873 ‘iniuria'
943 1813 1063 1874 exhibet
1091 1809 1251 1894 ‘iuiurgia',
1284 1814 1460 1892 scrupulum

284 1913 369 1973 nohis
393 1914 526 1971 iniceret.
563 1909 652 1970 Valde
676 1913 767 1989 igitur
791 1909 940 1971 blanditur
959 1922 988 1972 et
1008 1911 1094 1990 digna
1113 1920 1168 1992 est,
1192 1930 1267 1990 qnae
1287 1913 1461 1993 recipiatur,

284 2009 450 2070 emendatio
474 2007 595 2068 Vahleni
625 2002 703 2089 (lnd.
727 2007 794 2067 lect.
818 2007 914 2068 Berol.
938 2017 1009 2069 aest.
1033 2027 1058 2069 a.
1085 2007 1183 2089 1881,
1206 2029 1233 2088 p.
1258 2002 1308 2091 6),
1335 2011 1386 2087 qni
1419 2013 1461 2069 in-

284 2107 394 2174 dicium
419 2106 497 2166 illud
516 2108 620 2184 optimi
643 2105 711 2165 librl
736 2115 858 2166 secutus
880 2106 938 2184 legi
962 2106 1041 2166 unlt:

495 2230 560 2291 Non
581 2239 626 2291 est
646 2239 727 2292 certa
746 2231 828 2311 fides,
848 2248 936 2309 quam
955 2249 1014 2292 non
1033 2234 1064 2290 in
1082 2233 1178 2309 iurgia
1196 2240 1307 2292 uertas.

285 2365 439 2426 Sententia
464 2382 551 2442 qnam
575 2364 726 2442 praeclare
750 2364 864 2444 babeat,
888 2383 924 2424 ex
947 2366 1012 2442 ipso
1036 2363 1093 2423 loci
1116 2371 1220 2424 tenore
1245 2366 1344 2425 statim
1363 2364 1463 2429 uides

213 2475 215 2480 ’
284 2497 324 2505 -
350 2463 474 2522 Praeter
497 2460 722 2539 Neapolitanum
746 2465 834 2540 etiam
860 2464 953 2522 ceteri
977 2461 1095 2520 codices
1118 2462 1154 2521 ad
1182 2480 1287 2521 uerum
1312 2480 1462 2539 reponen-

283 2562 354 2621 dum
377 2558 488 2637 aliquid
513 2559 649 2617 conferre
661 2558 814 2618 'uidentur

264 2685 267 2692 '
283 2683 320 2743 lV
340 2680 371 2763 3,
392 2680 430 2742 11
496 2681 613 2741 Haecne
629 2684 733 2741 marita
747 2682 828 2762 fides,
842 2682 897 2740 hae
913 2691 982 2742 sunt
995 2689 1098 2761 pactae
1114 2681 1185 2741 mihi
1200 2691 1313 2763 noctes,

541 2780 615 2839 Cum
635 2779 717 2839 rudis
737 2782 856 2858 urgenti
875 2778 995 2840 brachia
1014 2781 1093 2840 uicta
1113 2776 1203 2840 dedi?

282 2915 345 2975 Hoc
371 2914 388 2974 l.
412 2920 480 2993 post
504 2913 624 2993 Hauptii
650 2915 852 2974 coniecturam
876 2932 891 2974 a
914 2913 1065 2993 plerisque
1094 2931 1282 2992 summopere
1311 2913 1460 2978 laudatam

282 3014 436 3073 notissimo
460 3011 489 3071 id
513 3013 701 3090 potissimum
725 3015 893 3093 quaeritur,
917 3022 1018 3073 utrum
1038 3032 1053 3072 e
1080 3012 1216 3072 codicum
1237 3010 1310 3070 an
1328 3012 1459 3076 lectione

281 3110 467 3190 Neapolitani
495 3108 567 3170 illud
596 3105 695 3188 ‘parce
720 3105 797 3170 auia’
825 3113 897 3170 oriri
919 3112 1051 3189 potuisse
1076 3129 1187 3190 negans
1211 3129 1247 3169 ex
1271 3109 1327 3170 hoc
1351 3128 1460 3173 nerum

283 3208 514 3287 enucleandum,
542 3207 619 3268 illam
648 3208 855 3287 interpolatam
884 3227 950 3269 esse
979 3209 1154 3288 contendas,
1182 3227 1219 3268 an
1246 3209 1277 3267 in
1307 3207 1357 3268 illo
1381 3207 1460 3269 libro

282 3325 398 3367 merum
421 3305 543 3366 subesse
564 3323 697 3365 errorem
717 3305 771 3365 tibi
790 3306 980 3385 persuadeas,
1003 3316 1035 3366 ut
1054 3307 1190 3367 codicum
1210 3305 1257 3365 DV
1276 3308 1457 3384 scripturam

284 3399 364 3485 (bae
389 3411 460 3463 sunt
482 3409 585 3480 pactae
610 3403 681 3463 mihi
704 3411 821 3481 noctes,
846 3412 876 3462 et
898 3411 1000 3481 pacate
1028 3404 1100 3464 mihi
1120 3399 1160 3464 n.'
1184 3397 1222 3485 F)
1246 3423 1301 3483 pro
1325 3406 1455 3482 genuina

282 3500 420 3580 amplecti
442 3500 543 3561 liceat.¹
584 3499 717 3560 Priorem
742 3501 919 3559 sententiam
943 3518 998 3577 per
1021 3518 1053 3560 se
1077 3503 1148 3559 satis
1173 3500 1355 3579 probabilem
1381 3521 1458 3584 esse,

282 3603 306 3659 si
334 3596 443 3666 multos
471 3597 566 3678 locos,
600 3596 651 3657 ubi
679 3597 705 3656 N
729 3613 819 3657 uerae
848 3599 1013 3675 scripturae
1041 3597 1150 3657 indicia
1178 3600 1324 3677 seruauit,
1356 3609 1458 3659 tecum

282 3696 528 3774 consideraneris,
553 3697 602 3756 trix
622 3695 743 3774 negabis
763 3713 818 3754 nec
837 3693 972 3773 plerique
992 3697 1165 3755 criticorum
1185 3713 1244 3754 non
1263 3697 1304 3754 ita
1323 3705 1456 3757 censent.

281 3795 342 3855 llac
365 3797 456 3873 igitur
480 3795 704 3854 ratiocinatione
728 3793 837 3853 ductus
861 3791 1007 3871 Hauptius
1029 3787 1153 3875 (Opnse.
1173 3791 1198 3852 ll
1218 3810 1245 3870 p.
1265 3785 1352 3875 105),
1375 3806 1455 3872 post·

281 3911 369 3971 qnam
392 3910 482 3951 noees
507 3885 599 3951 ‘sunt'
624 3899 654 3950 ct
678 3886 776 3951 ‘milri'
799 3893 830 3950 in
854 3890 938 3950 libris
961 3890 1039 3951 nulla
1064 3891 1120 3950 fide
1140 3892 1237 3971 dignis
1260 3892 1328 3951 rudi
1349 3910 1457 3952 uersus

284 3990 460 4050 emendandi
484 3997 590 4049 conatu
615 3989 791 4050 substitutas
814 4007 881 4048 esse
905 3988 1108 4050 demonstrare
1126 3999 1250 4051 conatus
1269 3999 1324 4069 est,
1347 4007 1362 4047 e
1382 3988 1456 4050 Nea·

280 4088 403 4168 politaui
433 4089 581 4165 scriptura
609 4087 787 4147 eliciendum
816 4089 888 4148 satis
915 4089 1067 4167 ingeniose
1095 4087 1152 4148 hoc
1179 4089 1332 4168 proponit:
1360 4099 1457 4147 —et

279 4197 382 4266 pactae
412 4188 442 4245 in
471 4188 552 4245 sauia
580 4194 692 4246 noctes,
739 4185 798 4245 Sed
826 4186 896 4246 Luc.
924 4185 1099 4266 Muellerus,
1129 4184 1288 4246 Brandtins
1322 4175 1364 4261 (p.
1387 4179 1455 4267 41),

281 4285 428 4345 Vahlenus
443 4277 635 4364 (Monatsber.
651 4284 679 4345 d.
693 4283 750 4362 lrgl.
766 4302 881 4362 preuss.
896 4283 983 4344 dead.
998 4284 1026 4343 d.
1036 4283 1124 4342 Wiss
1139 4303 1162 4342 z.
1177 4281 1254 4341 Berl.
1279 4282 1347 4358 Apr.
1359 4277 1454 4364 1881,

281 4401 308 4460 p.
333 4375 422 4464 352),
446 4380 495 4440 alii
518 4381 574 4441 boe
598 4381 787 4463 uocabulum,
810 4381 889 4460 quod
913 4398 1059 4458 nusquam
1083 4380 1160 4458 apud
1184 4380 1374 4458 Propertium
1397 4383 1454 4441 nisi

280 4477 387 4560 11129,
404 4476 446 4540 39
470 4478 587 4558 legitur,
612 4498 648 4538 ne
673 4478 708 4538 ad
733 4481 911 4556 sententiam
935 4477 1054 4555 quidem
1078 4480 1150 4537 satis
1172 4487 1272 4556 aptum
1297 4495 1363 4536 esse
1387 4480 1452 4538 inre
