3067 5042
752 403 992 466 -154-

290 568 393 644 quenti
421 566 552 642 integras
580 582 671 624 uoces
699 559 744 624 ‘te
774 560 838 624 uia'
866 567 1023 626 immutare
1051 565 1100 626 ille
1129 569 1245 645 cogitur
1276 569 1308 626 in
1336 563 1468 628 ‘deuia'.

289 660 392 742 ltaque
417 681 476 722 non
500 661 612 742 dubito,
637 664 708 743 quin
734 671 821 741 poeta
845 661 986 742 Cynthiae
1010 682 1038 723 u.
1058 661 1079 723 5
1102 663 1174 724 illud
1198 667 1295 743 ipsum
1318 663 1470 744 obiurget,

290 760 369 838 quod
388 767 581 839 conspectum
596 759 822 841 custodiamque
839 779 921 822 suam
937 762 1055 840 fugiens
1069 781 1105 821 ex
1120 761 1194 821 urbe
1209 780 1297 841 saepe
1316 765 1347 822 in
1365 762 1469 824 locum

289 859 371 919 illum
396 860 636 918 amoenissimum
661 877 693 918 se
717 861 851 921 conterat
874 856 926 941 (cl.
950 879 979 921 u.
994 857 1138 939 4:,petis,
1162 868 1193 918 et
1216 878 1243 918 u.
1258 856 1293 920 9:
1316 856 1469 940 currere).

289 957 352 1028 Qua
377 957 413 1018 de
436 976 523 1018 causa
544 975 611 1018 cum
630 955 816 1036 Neapolitani
840 957 944 1019 uocula
965 953 1018 1018 ‘te'
1037 959 1165 1036 genuina
1183 955 1317 1017 habenda
1336 959 1383 1037 sit,
1408 961 1471 1018 iam

289 1055 456 1136 uideamus,
486 1056 557 1135 quid
586 1054 652 1114 elici
680 1057 775 1134 possit
802 1074 837 1115 ex
868 1051 984 1116 ‘curua'
1013 1055 1049 1115 ad
1079 1073 1182 1115 ncram
1209 1053 1365 1116 lectionem
1394 1075 1471 1116 con-

204 1145 209 1156 ’
289 1152 477 1215 stituendam.
516 1151 608 1230 Vulgo
632 1153 781 1214 scribunt:
805 1149 916 1214 ‘Curue
930 1162 960 1214 tc
975 1155 1005 1213 in
1020 1147 1077 1234 H.',
1101 1162 1203 1213 contra
1226 1152 1307 1232 leges
1325 1157 1472 1214 metricas

287 1260 364 1312 teste
393 1250 463 1311 Luc.
491 1249 633 1311 Muellcro
662 1245 769 1334 (prael.
798 1271 825 1331 p.
849 1245 987 1333 xxm),
1021 1251 1126 1311 melius
1158 1251 1261 1333 habet,
1292 1251 1370 1331 quod
1399 1255 1472 1330 ipse

288 1351 442 1429 proponit:
471 1346 531 1409 Cur
550 1357 601 1410 aut
619 1357 649 1408 te
668 1347 703 1408 H.
740 1348 836 1410 Etiam
856 1349 972 1411 facilius
993 1368 1062 1410 cum
1080 1348 1260 1409 Bnehrensio
1286 1369 1343 1409 una
1365 1350 1471 1410 littera

287 1450 400 1509 inserta
423 1444 614 1507 rescribitur:
638 1445 698 1506 Cur
721 1455 771 1507 tua
797 1440 885 1508 te'H.

247 1598 270 1643 ν
288 1581 328 1641 lll
344 1579 374 1660 8,
390 1578 444 1642 19:
498 1578 563 1639 Non
587 1588 633 1640 est
656 1588 737 1642 certa
760 1580 843 1661 fides,
867 1598 955 1659 quam
979 1600 1037 1640 non
1060 1583 1169 1641 iniuria
1193 1590 1301 1642 uersat.

285 1714 339 1775 Sic
363 1733 392 1774 n.
416 1715 547 1792 scriptus
570 1721 616 1772 est
639 1716 669 1773 in
693 1701 776 1794 nov,
801 1732 897 1793 neque
922 1716 1083 1793 quidquam
1107 1714 1280 1775 mutandum
1303 1733 1369 1774 esse
1394 1734 1474 1775 cen-

204 1816 207 1820 '
289 1830 436 1892 seremus,
470 1813 526 1871 nisi
554 1810 593 1890 N,
626 1813 677 1889 qui
705 1830 758 1889 pro
789 1806 918 1871 ‘iniuria’
948 1811 1067 1872 exhibet
1096 1807 1256 1891 ‘iniurgia’,
1289 1812 1472 1891 scrupulum

289 1910 374 1970 nobis
397 1912 530 1969 iniceret.
568 1907 657 1968 Valde
681 1911 772 1986 igitur
795 1908 945 1969 blanditur
964 1919 993 1970 et
1012 1909 1099 1988 digna
1118 1919 1173 1990 est,
1197 1927 1271 1987 quae
1291 1912 1473 1992 recipiatur,

289 2007 455 2067 emendatio
478 2005 599 2067 Vahleni
630 2000 708 2088 (lud.
732 2006 799 2066 lect.
823 2005 918 2066 Berol.
943 2016 1014 2067 aest.
1038 2025 1063 2068 a.
1090 2005 1188 2087 1881,
1211 2026 1238 2086 p¹
1263 2000 1313 2089 6),
1340 2010 1390 2084 qui
1424 2012 1474 2068 in-

288 2106 398 2172 dicium
423 2103 496 2164 illud
521 2106 625 2183 optimi
648 2103 716 2164 librl
740 2113 862 2164 secutus
885 2104 943 2183 legi
966 2104 1045 2164 uult:

500 2228 565 2289 Non
585 2237 631 2290 est
650 2237 731 2290 certa
751 2228 833 2309 fides,
853 2247 940 2307 quam
960 2247 1019 2289 non
1038 2232 1069 2289 in
1087 2231 1183 2306 iurgia
1201 2239 1312 2290 uertas.

290 2363 443 2424 Sententia
468 2380 556 2440 quam
580 2362 730 2440 praeclare
754 2362 869 2442 babeat,
892 2381 929 2422 ex
952 2365 1016 2440 ipso
1040 2361 1097 2421 loci
1121 2370 1225 2422 tenore
1249 2365 1348 2423 statim
1368 2365 1474 2430 uides

218 2474 220 2478 ’
288 2495 329 2504 —-
354 2462 479 2521 Praeter
502 2458 726 2537 Neapolitanum
751 2462 839 2538 etiam
865 2462 958 2520 ceteri
981 2460 1099 2520 codices
1122 2460 1158 2519 ad
1187 2478 1292 2520 uerum
1317 2480 1472 2539 reponen-

288 2561 358 2619 dum
382 2557 492 2636 aliquid
518 2556 819 2617 conlerrcuidentur

268 2683 272 2691 ’
287 2681 324 2742 lV
345 2679 376 2762 3,
396 2679 434 2742 11
501 2679 618 2741 Haeone
633 2683 737 2740 marita
752 2681 833 2761 fides,
848 2681 902 2741 bae
917 2690 987 2741 sunt
1000 2690 1103 2761 pactae
1118 2682 1190 2742 mibi
1205 2691 1318 2764 noctes,

545 2778 619 2839 Cum
639 2778 721 2838 rudis
742 2782 861 2857 urgenti
881 2778 999 2839 brachia
1019 2780 1098 2840 uicta
1117 2778 1208 2840 dedi?

287 2913 350 2973 Hoc
375 2913 392 2973 l.
416 2919 484 2992 post
508 2911 627 2992 Hauptii
654 2914 856 2974 coniecturam
880 2932 896 2973 a
918 2913 1069 2993 plerisque
1098 2930 1286 2990 summopere
1315 2913 1469 2977 laudatam

286 3013 440 3072 notissimo
464 3010 493 3070 id
517 3013 705 3091 potissimum
730 3015 898 3094 quaeritur,
922 3021 1022 3073 utrum
1042 3032 1058 3072 e
1084 3012 1220 3073 codicum
1242 3009 1314 3070 rnv
1333 3010 1468 3075 lectione

286 3108 471 3188 Neapolitani
499 3107 570 3168 illud
600 3104 700 3187 ‘parce
717 3105 801 3169 ¹auia’
829 3113 901 3170 oriri
924 3113 1056 3188 potuisse
1081 3127 1192 3189 negans
1216 3127 1251 3168 ex
1275 3108 1331 3169 boo
1355 3127 1468 3172 uerum

287 3206 518 3286 enucleandum,
546 3206 624 3267 illam
651 3207 860 3285 interpolatam
888 3226 954 3267 esse
983 3209 1158 3288 contendas,
1187 3226 1223 3269 an
1251 3209 1282 3266 in
1312 3206 1361 3266 illo
1386 3207 1469 3268 libro

287 3323 402 3365 merum
425 3303 548 3363 subesse
568 3322 701 3364 errorem
720 3304 775 3364 tibi
794 3304 984 3384 persuadeas,
1008 3314 1040 3365 ut
1059 3305 1194 3367 codicum
1214 3304 1262 3364 DV
1281 3307 1465 3383 scripturam

289 3397 369 3482 (hae
393 3409 464 3462 sunt
487 3408 589 3478 pactae
614 3401 685 3460 mihi
709 3409 826 3480 noctes3
850 3409 880 3460 et
902 3410 1004 3479 pacate
1033 3402 1106 3461 mihi
1125 3398 1164 3462 n.'
1188 3396 1227 3484 F)
1250 3421 1305 3481 pro
1329 3406 1463 3481 genuina

286 3498 425 3578 amplecti
447 3498 548 3558 liceat.¹
588 3497 722 3558 Priorem
747 3500 924 3558 sententiam
948 3515 1003 3575 per
1026 3517 1057 3556 sc
1082 3500 1152 3556 satis
1178 3498 1360 3576 probabilem
1386 3520 1465 3582 esse,

286 3601 311 3657 si
338 3597 447 3666 multos
476 3595 571 3675 locos,
605 3594 655 3654 ubi
684 3593 710 3653 N
733 3611 823 3655 uerae
852 3597 1018 3672 scripturae
1047 3594 1155 3653 indicia
1183 3597 1329 3674 seruauit,
1361 3606 1467 3658 tecum

287 3696 533 3774 consideramus,
558 3695 607 3752 uix
627 3692 747 3772 negabis
767 3711 822 3752 nec
841 3691 977 3772 plerique
997 3693 1170 3752 criticorum
1190 3693 1308 3750 nonita
1328 3705 1464 3773 censent.

286 3793 347 3853 Hac
370 3796 461 3871 igitur
485 3793 709 3851 ratiocinatione
733 3790 841 3851 ductus
865 3788 1011 3868 Hauptius
1034 3783 1158 3871 (Opnsc.
1177 3788 1203 3848 ll
1222 3807 1250 3866 p.
1270 3781 1357 3871 105),
1381 3806 1462 3869 post·

286 3908 373 3968 quam
397 3908 487 3950 uoces
512 3883 604 3948 ‘sunt'
628 3897 659 3947 et
683 3883 780 3948 ‘mihi'
803 3891 833 3948 in
857 3887 942 3947 libris
965 3887 1044 3947 nulla
1069 3888 1125 3947 fide
1145 3887 1242 3966 dignis
1266 3888 1333 3947 rudi
1354 3907 1463 3951 uersus

289 3986 464 4047 emendandi
488 3994 594 4047 conatu
620 3986 795 4047 substitutas
819 4004 885 4046 esse
909 3986 1112 4046 demonstrare
1132 3994 1255 4046 conatus
1274 3995 1328 4067 est,
1351 4004 1367 4045 e
1387 3985 1462 4048 Nea·

285 4086 408 4165 politani
437 4087 585 4162 scriptura
614 4085 791 4145 eliciendum
820 4087 892 4144 satis
919 4087 1071 4163 ingeniose
1099 4085 1156 4144 boc
1183 4086 1337 4164 proponit:
1365 4117 1406 4126 —
1433 4097 1463 4146 et

284 4194 387 4263 pactae
417 4185 446 4243 in
476 4186 556 4244 sauia
584 4192 696 4244 noctes.
744 4183 802 4244 Sed
831 4183 901 4243 Luc.
930 4182 1103 4263 Muellerus,
1133 4182 1293 4243 Brandtius
1327 4173 1369 4260 (p.
1392 4178 1461 4265 41),

285 4281 433 4342 Vahlenus
448 4275 640 4360 (Monatsber.
656 4281 683 4343 d.
698 4281 754 4360 kgl.
770 4300 885 4360 preuss.
900 4282 988 4341 Acad.
1002 4282 1030 4341 d.
1040 4281 1129 4341 Wiss.
1144 4301 1167 4340 z.
1181 4280 1259 4340 Berl.
1283 4279 1352 4356 Apr.
1365 4277 1459 4362 1881,

285 4400 312 4459 p.
337 4373 427 4461 352),
451 4377 500 4438 alii
523 4380 579 4439 hoc
603 4379 791 4462 rrocabulum,
814 4380 893 4459 quod
917 4396 1063 4457 nusquam
1087 4379 1164 4457 apud
1189 4378 1378 4457 Propertium
1402 4380 1458 4438 nisi

283 4476 391 4561 11129,
408 4474 450 4538 39
475 4476 591 4557 legitur,
616 4495 652 4537 ne
677 4477 712 4537 ad
737 4480 914 4556 sententiam
938 4476 1058 4555 quidem
1082 4479 1154 4536 satis
1177 4484 1278 4554 aptum
1302 4493 1368 4534 esse
1391 4477 1457 4536 iure
