3067 5042
78 559 173 612 aetas
197 569 260 612 mea
284 559 404 611 caneret
428 547 534 611 annis?
571 549 735 610 Genuinam
755 568 821 610 esse
840 549 1024 628 Neapolitani
1048 549 1204 612 lectionem
1222 583 1260 592 -

77 649 180 710 modo
200 644 394 716 ‘canesceret’
414 657 511 709 mutes
531 666 598 708 cum
618 647 739 709 Heinsio
759 651 790 708 in
809 644 1024 710 ‘candesceret'
1047 683 1084 691 -
1105 667 1173 709 cum
1192 647 1264 708 illud

79 743 175 808 ‘iam'
202 750 232 806 in
261 749 369 807 ceteris
398 745 483 804 libris
511 753 624 805 mutato
653 745 815 806 uerborum
843 746 947 806 ordine
976 746 1107 806 additum
1136 749 1266 825 speciem

27 907 28 928 ,
81 844 172 904 ioedi
192 845 351 904 commenti
371 862 441 922 prae
457 862 488 903 se
508 843 592 924 ierat,
615 842 646 902 L.
661 830 822 903 Muellerus
837 852 866 903 et
880 842 1029 904 Vablenus
1042 843 1061 903 l.
1075 843 1093 903 Ι.
1107 864 1135 923 p.
1151 840 1215 905 338
1222 863 1265 922 sq.

27 963 28 984 ¹
81 961 162 1002 cum
190 941 396 1020 probabilitate
424 941 548 1020 quadam
577 941 760 1002 contendunt
790 961 887 1020 neque
920 944 1058 1003 assentiri
1090 940 1266 1018 dubitarem,

82 1039 253 1102 dummodo
273 1033 488 1099 ‘candesceret’
508 1039 662 1099 arrideret.
701 1039 758 1099 Sed
779 1059 833 1100 suo
852 1043 917 1100 iure
937 1039 1135 1119 Rossbergius
1149 1035 1192 1122 (p.
1209 1033 1265 1121 14)

82 1140 182 1198 nimis
210 1137 356 1197 insolitam
385 1145 473 1214 atque
503 1137 643 1212 audacem
674 1156 739 1197 esse
772 1137 953 1198 locutionem
987 1133 1082 1198 ‘aetas
1116 1139 1267 1198 candescit

83 1238 175 1295 canis
199 1229 295 1295 annis'
320 1241 430 1314 censet,
454 1237 535 1315 quia,
559 1253 627 1295 cum
651 1244 731 1295 aetas
753 1255 808 1314 pro
832 1239 896 1314 ipso
920 1236 1054 1314 bomine,
1078 1237 1143 1296 cani
1167 1245 1266 1298 autem

84 1334 164 1392 areni
186 1350 241 1410 pro
265 1333 346 1391 cauis
370 1331 483 1410 capillis
503 1333 665 1410 accipiendi
685 1335 753 1413 sint,
776 1333 887 1412 duplex
905 1333 1022 1393 dicendi
1041 1325 1163 1413 τρόπος
1187 1336 1265 1395 insit.

82 1429 196 1507 Itaque
221 1447 326 1490 uerum
350 1432 509 1489 restituere
533 1428 589 1488 sibi
614 1432 742 1512 uidetur,
766 1451 834 1492 cum
856 1432 966 1491 scribat
985 1426 1193 1513 manesceret,
1218 1433 1267 1492 cui

27 1559 28 1576 .
86 1529 283 1588 coniecturae
303 1530 360 1587 iarn
379 1527 416 1587 ab
431 1526 624 1605 Hertzbergio
644 1529 745 1588 allatae
765 1548 826 1589 non
844 1531 933 1590 nimis
953 1528 1076 1589 conlido.
1113 1528 1268 1590 Palmerus

86 1619 279 1707 (postscript.
303 1645 330 1704 p.
354 1618 459 1707 LXVI)
482 1625 652 1686 dubitanter
675 1629 799 1687 conicit:
836 1627 913 1698 Quid
943 1645 1007 1686 mea
1034 1629 1059 1686 si
1082 1629 1163 1686 canis
1187 1634 1267 1687 aetas

85 1730 242 1782 marceret
265 1731 295 1782 et
318 1725 416 1802 annis,
444 1731 477 1783 ut
501 1717 605 1782 ‘oanis'
629 1742 683 1802 per
707 1742 738 1782 se
762 1724 938 1803 capiendum
962 1727 1014 1804 sit,
1043 1725 1122 1802 quod
1147 1727 1266 1789 minime

87 1821 200 1900 placet.
242 1820 370 1880 Alteram
394 1823 485 1899 igitur
509 1819 557 1879 bic
582 1822 660 1880 uiam
683 1839 748 1882 esse
773 1821 932 1881 ineundam
956 1840 1024 1881 oum
1047 1821 1151 1901 Keilio,
1174 1821 1267 1882 Baeb-

88 1919 206 1997 rensio,
230 1917 294 1977 aliis
318 1926 402 1978 ratus
426 1921 544 1985 omnino
569 1919 765 1996 spernendam
789 1916 973 1996 Neapolitani
997 1921 1174 1998 scripturam
1199 1928 1228 1978 et
1252 1938 1268 1978 a

87 2015 220 2093 reliquis
244 2014 327 2075 libris
351 2015 599 2095 proficiscendum
619 2033 684 2076 esse
708 2023 791 2096 puto,
814 2034 882 2075 cum
906 2016 985 2076 illam
1004 2025 1103 2087 natam
1121 2035 1188 2077 esse
1211 2017 1267 2076 hoc
1337 2043 1340 2047 ·

88 2112 183 2172 modo
213 2113 289 2173 baud
317 2114 417 2192 inepte
447 2115 557 2192 lingere
586 2112 640 2172 tibi
670 2116 776 2192 possis.
822 2113 975 2174 Librarius
1007 2117 1037 2174 in
1071 2114 1267 2175 describendo

89 2210 190 2270 uerbo
209 2213 338 2288 genuino
358 2213 398 2271 ita
417 2213 538 2290 errauit,
558 2219 591 2271 ut
610 2211 748 2289 syllabam
769 2207 847 2271 ‘can'
866 2231 882 2270 a
902 2230 975 2272 uoce
996 2208 1100 2272 ‘canis'
1119 2215 1150 2272 in
1167 2221 1267 2273 mente

89 2310 268 2369 haerentem
292 2328 384 2388 praue
409 2317 567 2389 repeteret,
591 2309 669 2387 quod
694 2312 812 2389 saepius
835 2310 945 2370 lactum
969 2328 1034 2370 esse
1054 2328 1141 2369 nemo
1159 2311 1269 2389 nescit3

91 2406 167 2466 inde
187 2415 252 2467 nata
277 2405 364 2467 lectio
384 2399 536 2468 ‘caneret'.
573 2405 649 2466 Tum
668 2397 852 2486 Neapolitani
870 2406 920 2466 uel
938 2408 1028 2467 ioutis
1046 2409 1111 2467 eius
1129 2407 1269 2467 librarius

93 2505 172 2565 male
197 2504 302 2564 doctus
326 2503 504 2563 canescendi
527 2503 662 2584 uerbum,
686 2504 766 2583 quod
788 2504 846 2565 loci
869 2523 975 2566 sensus
999 2508 1084 2584 quasi
1102 2505 1181 2566 ultro
1200 2524 1268 2584 sup·
1302 2548 1306 2553 .

93 2603 219 2684 peditat,
238 2603 346 2663 omissa
362 2602 469 2662 uocula
485 2596 576 2684 ‘iam',
595 2621 652 2682 qua
672 2621 731 2664 non
746 2623 821 2683 opus
837 2611 891 2685 est,
909 2605 1052 2683 reposuit.
1080 2603 1140 2663 lam
1155 2605 1270 2682 quaeri·
1363 2670 1366 2676 .

93 2712 156 2780 tur,
176 2700 260 2780 quale
280 2699 407 2760 uerbum
426 2699 498 2759 illud
518 2703 679 2778 genuinum
700 2702 797 2762 luerit.
827 2701 914 2762 Keilii
933 2695 976 2783 (p.
990 2696 1045 2782 17)
1061 2710 1270 2780 commentum,

94 2798 177 2877 quod
207 2807 251 2856 est
280 2791 448 2875 ‘tenderet',
477 2805 599 2875 propter
627 2798 790 2877 insolitam,
823 2816 911 2876 quam
941 2803 1056 2879 statuit,
1085 2801 1147 2859 uim
1174 2801 1270 2878 primo

95 2895 205 2955 obtutu
233 2890 464 2970 repudiabimus.
509 2891 695 2970 Ingeniosius
724 2893 876 2954 lientleius
904 2895 940 2954 ad
969 2895 1039 2956 Hor.
1063 2892 1270 2975 oo.115,13

96 2991 431 3070 legendumproposuit
451 2983 625 3070 ‘curreret'3
649 2990 700 3050 sed
720 3009 757 3050 ne
777 2991 849 3051 baec
869 2991 988 3069 quidem
1008 2994 1180 3052 coniectura
1199 3009 1270 3050 uera

97 3089 218 3150 uidetur
234 3106 309 3168 esse,
325 3088 392 3164 quia
407 3085 567 3146 celeritatis
583 3089 733 3148 notionem
748 3089 846 3148 inlert.
885 3088 1022 3148 Fortasse
1037 3089 1194 3167 legendum
1210 3096 1270 3147 est:

300 3227 388 3300 -Qutc
413 3231 517 3289 silam
542 3231 623 3290 canis
646 3239 727 3291 aetas
751 3248 815 3291 mea
839 3231 991 3291 cederet
1013 3233 1106 3290 annis.

100 3375 188 3434 Aetas
213 3391 275 3432 mea
299 3375 318 3431 i.
342 3390 367 3432 e.
392 3390 449 3450 qua
472 3390 552 3432 nunc
576 3374 672 3451 uigeo.

66 3515 126 3575 “ll
151 3511 203 3596 25,
226 3511 283 3575 43:
311 3515 434 3598 Vidistis
456 3516 601 3593 quandam
625 3515 734 3594 Argiua
758 3515 905 3594 prodire
930 3517 1036 3595 ligura,

357 3612 479 3674 Vidistis
503 3622 637 3688 nostram
658 3622 784 3692 utraque
809 3613 901 3673 iorma
926 3617 1010 3693 rapit.

100 3755 142 3815 lta
172 3755 261 3833 utrlgo
291 3753 426 3816 scribunt
454 3775 470 3815 e
497 3750 574 3837 Nm,
598 3749 669 3837 V²?,
697 3753 779 3814 DVF
806 3755 950 3834 praebent
979 3751 1160 3835 ‘prodente’,
1192 3759 1272 3836 quod

101 3862 275 3931 corruptum
291 3872 356 3914 esse
377 3873 392 3913 e
412 3855 505 3914 lorma
523 3855 675 3914 notissima
695 3848 838 3932 ‘prodire’
857 3853 1037 3930 persuadere
1056 3854 1128 3914 mibi
1147 3874 1272 3934 nequeo.

100 3949 206 4010 Latere
229 3952 321 4028 igitur
344 3951 393 4010 hic
417 3953 553 4030 suspicor
576 3951 619 4031 id,
648 3950 726 4029 quod
750 3948 949 4010 Baehrensius
973 3971 1031 4012 una
1055 3952 1152 4013 littera
1176 3953 1273 4013 addita

101 4048 319 4107 restituendum
338 4051 491 4127 proponit:
515 4044 666 4124 ‘Argiuam
684 4048 829 4126 prodente
847 4043 960 4126 ligura’.
975 4109 979 4114 ,
994 4045 1149 4120 ‘Quadam'
1164 4059 1272 4130 autem,

103 4145 181 4222 quod
205 4145 229 4203 N
254 4145 351 4225 babet,
375 4146 546 4206 leuissimus
570 4164 655 4222 error
674 4153 727 4205 est.
766 4145 917 4227 Similiter,
940 4149 972 4206 ni
994 4147 1089 4228 fallor,
1111 4167 1161 4208 res
1184 4148 1273 4207 babet

66 4227 128 4299 “lt
151 4238 208 4323 34,
231 4241 265 4303 4:

314 4350 462 4430 Expertus
486 4349 566 4412 dico:
590 4370 676 4411 nemo
700 4354 799 4411 estin
823 4369 923 4410 amore
947 4352 1054 4432 lidelis,

264 4467 266 4470 ·
359 4448 402 4509 Et
425 4450 571 4510 sormam
597 4467 663 4509 raro
687 4467 748 4509 non
772 4448 829 4509 sibi
853 4453 979 4528 quisque
1002 4453 1086 4529 petit.
1123 4475 1127 4480 ⁴

156 4557 334 4600 Dissertationes
349 4561 462 4600 Isncnses.
485 4561 517 4598 II.
946 4605 948 4609 ,
1028 4556 1061 4604 12
