<?xml version="1.0" encoding="UTF-8"?>
<!DOCTYPE html PUBLIC "-//W3C//DTD XHTML 1.0 Transitional//EN"
    "http://www.w3.org/TR/xhtml1/DTD/xhtml1-transitional.dtd">
<html xmlns="http://www.w3.org/1999/xhtml" xml:lang="en" lang="en">
 <head>
  <title>
</title>
<meta http-equiv="Content-Type" content="text/html;charset=utf-8" />
  <meta name='ocr-system' content='tesseract 3.04.00' />
  <meta name='ocr-capabilities' content='ocr_page ocr_carea ocr_par ocr_line ocrx_word'/>
</head>
<body>
  <div class='ocr_page' id='page_1' title='image "./decodicibusprop00solbgoog_0009.png"; bbox 0 0 3067 5042; ppageno 0'>
   <div class='ocr_carea' id='block_1_1' title="bbox 616 395 888 458">
    <p class='ocr_par' dir='ltr' id='par_1_1' title="bbox 616 395 888 458">
     <span class='ocr_line' id='line_1_1' title="bbox 616 395 888 458; baseline 0 0"><span class='ocrx_word' id='word_1_1' title='bbox 616 431 657 441; x_wconf 88' lang='grc'>-</span> <span class='ocrx_word' id='word_1_2' title='bbox 707 395 767 458; x_wconf 88' lang='lat'><strong>141</strong></span> <span class='ocrx_word' id='word_1_3' title='bbox 815 395 888 441; x_wconf 88' lang='lat'><strong>-·</strong></span> 
     </span>
    </p>
   </div>
   <div class='ocr_carea' id='block_1_2' title="bbox 238 519 1323 641">
    <p class='ocr_par' dir='ltr' id='par_1_2' title="bbox 238 519 1323 641">
     <span class='ocr_line' id='line_1_2' title="bbox 238 519 1323 641; baseline 0.002 -23"><span class='ocrx_word' id='word_1_4' title='bbox 238 558 302 620; x_wconf 87' lang='lat' dir='ltr'><strong>lloo</strong></span> <span class='ocrx_word' id='word_1_5' title='bbox 325 576 435 620; x_wconf 91' lang='lat' dir='ltr'><strong>nouum</strong></span> <span class='ocrx_word' id='word_1_6' title='bbox 460 566 559 621; x_wconf 85' lang='lat' dir='ltr'><strong>textus</strong></span> <span class='ocrx_word' id='word_1_7' title='bbox 578 519 765 638; x_wconf 72' lang='lat' dir='ltr'><strong>Propertibni</strong></span> <span class='ocrx_word' id='word_1_8' title='bbox 789 559 967 620; x_wconf 87' lang='lat' dir='ltr'><strong>restituendi</strong></span> <span class='ocrx_word' id='word_1_9' title='bbox 985 559 1219 641; x_wconf 80' lang='lat' dir='ltr'><strong>tundamentum,</strong></span> <span class='ocrx_word' id='word_1_10' title='bbox 1244 560 1323 638; x_wconf 90' lang='lat' dir='ltr'><strong>quod</strong></span> 
     </span>
    </p>
   </div>
   <div class='ocr_carea' id='block_1_3' title="bbox 40 655 1322 738">
    <p class='ocr_par' dir='ltr' id='par_1_3' title="bbox 40 655 1322 738">
     <span class='ocr_line' id='line_1_3' title="bbox 40 655 1322 738; baseline 0 -21"><span class='ocrx_word' id='word_1_11' title='bbox 40 659 45 670; x_wconf 86' lang='lat'>&#39;</span> <span class='ocrx_word' id='word_1_12' title='bbox 153 655 246 736; x_wconf 80' lang='lat' dir='ltr'><strong>egisse</strong></span> <span class='ocrx_word' id='word_1_13' title='bbox 261 656 460 718; x_wconf 86' lang='lat' dir='ltr'><strong>Baehrensius</strong></span> <span class='ocrx_word' id='word_1_14' title='bbox 480 657 536 717; x_wconf 90' lang='lat' dir='ltr'><strong>sibi</strong></span> <span class='ocrx_word' id='word_1_15' title='bbox 555 657 683 738; x_wconf 87' lang='lat' dir='ltr'><strong>uidetur,</strong></span> <span class='ocrx_word' id='word_1_16' title='bbox 702 657 838 718; x_wconf 90' lang='lat' dir='ltr'><strong>lunditus</strong></span> <span class='ocrx_word' id='word_1_17' title='bbox 855 663 992 718; x_wconf 84' lang='lat' dir='ltr'><strong>euertere</strong></span> <span class='ocrx_word' id='word_1_18' title='bbox 1011 676 1200 736; x_wconf 89' lang='lat' dir='ltr'><strong>summopere</strong></span> <span class='ocrx_word' id='word_1_19' title='bbox 1220 658 1322 718; x_wconf 89' lang='lat' dir='ltr'><strong>studu-</strong></span> 
     </span>
    </p>
   </div>
   <div class='ocr_carea' id='block_1_4' title="bbox 152 748 1381 1034">
    <p class='ocr_par' dir='ltr' id='par_1_4' title="bbox 152 748 1381 1034">
     <span class='ocr_line' id='line_1_4' title="bbox 152 748 1323 840; baseline 0.001 -25"><span class='ocrx_word' id='word_1_20' title='bbox 152 764 237 816; x_wconf 87' lang='lat' dir='ltr'><strong>erunt</strong></span> <span class='ocrx_word' id='word_1_21' title='bbox 261 755 353 815; x_wconf 83' lang='lat' dir='ltr'><strong>Frid.</strong></span> <span class='ocrx_word' id='word_1_22' title='bbox 377 754 445 816; x_wconf 91' lang='lat' dir='ltr'><strong>Leo</strong></span> <span class='ocrx_word' id='word_1_23' title='bbox 469 750 634 840; x_wconf 78' lang='lat' dir='ltr'><strong>(Vindictae</strong></span> <span class='ocrx_word' id='word_1_24' title='bbox 653 754 751 834; x_wconf 91' lang='lat' dir='ltr'><strong>Prop.‚</strong></span> <span class='ocrx_word' id='word_1_25' title='bbox 774 753 848 816; x_wconf 87' lang='lat' dir='ltr'><strong>Mus.</strong></span> <span class='ocrx_word' id='word_1_26' title='bbox 867 755 961 817; x_wconf 87' lang='lat' dir='ltr'><strong>Rben.</strong></span> <span class='ocrx_word' id='word_1_27' title='bbox 982 755 1086 815; x_wconf 86' lang='lat' dir='ltr'>XXXV</span> <span class='ocrx_word' id='word_1_28' title='bbox 1100 776 1128 834; x_wconf 91' lang='lat' dir='ltr'><strong>p.</strong></span> <span class='ocrx_word' id='word_1_29' title='bbox 1143 748 1323 837; x_wconf 75' lang='lat' dir='ltr'><strong>tal-47),</strong></span> 
     </span>
     <span class='ocr_line' id='line_1_5' title="bbox 153 852 1323 932; baseline -0.001 -19"><span class='ocrx_word' id='word_1_30' title='bbox 153 856 201 932; x_wconf 84' lang='lat' dir='ltr'><strong>qui</strong></span> <span class='ocrx_word' id='word_1_31' title='bbox 233 852 320 914; x_wconf 92' lang='lat' dir='ltr'><strong>breui</strong></span> <span class='ocrx_word' id='word_1_32' title='bbox 352 853 403 912; x_wconf 88' lang='lat' dir='ltr'><strong>sed</strong></span> <span class='ocrx_word' id='word_1_33' title='bbox 436 853 522 932; x_wconf 92' lang='lat' dir='ltr'><strong>plena</strong></span> <span class='ocrx_word' id='word_1_34' title='bbox 554 853 809 932; x_wconf 73' lang='lat' dir='ltr'><strong>argumentatione</strong></span> <span class='ocrx_word' id='word_1_35' title='bbox 842 871 966 932; x_wconf 89' lang='lat' dir='ltr'><strong>prorsus</strong></span> <span class='ocrx_word' id='word_1_36' title='bbox 997 854 1071 914; x_wconf 88' lang='lat' dir='ltr'><strong>nihil</strong></span> <span class='ocrx_word' id='word_1_37' title='bbox 1098 853 1198 914; x_wconf 89' lang='lat' dir='ltr'><strong>ualere</strong></span> <span class='ocrx_word' id='word_1_38' title='bbox 1230 852 1323 914; x_wconf 90' lang='lat' dir='ltr'><strong>libros</strong></span> 
     </span>
     <span class='ocr_line' id='line_1_6' title="bbox 152 941 1381 1034; baseline -0.001 -24"><span class='ocrx_word' id='word_1_39' title='bbox 152 950 252 1010; x_wconf 76' lang='lat' dir='ltr'><strong>nruv</strong></span> <span class='ocrx_word' id='word_1_40' title='bbox 275 951 479 1012; x_wconf 88' lang='lat' dir='ltr'><strong>demonstrare</strong></span> <span class='ocrx_word' id='word_1_41' title='bbox 509 959 633 1012; x_wconf 86' lang='lat' dir='ltr'><strong>conatus</strong></span> <span class='ocrx_word' id='word_1_42' title='bbox 655 959 715 1032; x_wconf 85' lang='lat' dir='ltr'><strong>est,</strong></span> <span class='ocrx_word' id='word_1_43' title='bbox 745 959 776 1011; x_wconf 90' lang='lat' dir='ltr'><strong>et</strong></span> <span class='ocrx_word' id='word_1_44' title='bbox 803 949 834 1013; x_wconf 81' lang='lat' dir='ltr'><strong>C.</strong></span> <span class='ocrx_word' id='word_1_45' title='bbox 858 951 1054 1013; x_wconf 88' lang='lat' dir='ltr'><strong>Brandtius</strong></span> <span class='ocrx_word' id='word_1_46' title='bbox 1076 947 1210 1034; x_wconf 83' lang='lat' dir='ltr'><strong>(Quaest.</strong></span> <span class='ocrx_word' id='word_1_47' title='bbox 1234 950 1322 1030; x_wconf 91' lang='lat' dir='ltr'><strong>Prop.</strong></span> <span class='ocrx_word' id='word_1_48' title='bbox 1379 941 1381 945; x_wconf 68' lang='grc'><strong>’</strong></span> 
     </span>
    </p>
   </div>
   <div class='ocr_carea' id='block_1_5' title="bbox 45 1044 1393 1242">
    <p class='ocr_par' dir='ltr' id='par_1_5' title="bbox 45 1044 1393 1242">
     <span class='ocr_line' id='line_1_7' title="bbox 45 1044 1323 1132; baseline 0 -23"><span class='ocrx_word' id='word_1_49' title='bbox 45 1044 59 1091; x_wconf 72' lang='grc'><strong>-’</strong></span> <span class='ocrx_word' id='word_1_50' title='bbox 155 1045 261 1132; x_wconf 85' lang='grc'>1880),</span> <span class='ocrx_word' id='word_1_51' title='bbox 279 1051 332 1128; x_wconf 86' lang='lat' dir='ltr'><strong>qui</strong></span> <span class='ocrx_word' id='word_1_52' title='bbox 346 1048 550 1128; x_wconf 82' lang='lat' dir='ltr'><strong>compluribus</strong></span> <span class='ocrx_word' id='word_1_53' title='bbox 569 1047 642 1110; x_wconf 87' lang='lat' dir='ltr'><strong>loeis</strong></span> <span class='ocrx_word' id='word_1_54' title='bbox 661 1050 804 1129; x_wconf 83' lang='lat' dir='ltr'><strong>tractatis,</strong></span> <span class='ocrx_word' id='word_1_55' title='bbox 823 1058 857 1110; x_wconf 89' lang='lat' dir='ltr'><strong>ut</strong></span> <span class='ocrx_word' id='word_1_56' title='bbox 870 1049 1062 1129; x_wconf 87' lang='lat' dir='ltr'><strong>Neapolitano</strong></span> <span class='ocrx_word' id='word_1_57' title='bbox 1081 1049 1214 1112; x_wconf 90' lang='lat' dir='ltr'><strong>debitum</strong></span> <span class='ocrx_word' id='word_1_58' title='bbox 1232 1050 1323 1111; x_wconf 81' lang='lat' dir='ltr'><strong>hono</strong></span> 
     </span>
     <span class='ocr_line' id='line_1_8' title="bbox 46 1146 1393 1242; baseline 0.002 -36"><span class='ocrx_word' id='word_1_59' title='bbox 46 1150 51 1161; x_wconf 92' lang='grc'><em>“</em></span> <span class='ocrx_word' id='word_1_60' title='bbox 153 1165 214 1207; x_wconf 90' lang='lat' dir='ltr'><strong>rem</strong></span> <span class='ocrx_word' id='word_1_61' title='bbox 234 1146 381 1242; x_wconf 76' lang='lat' dir='ltr'><strong>redderet,</strong></span> <span class='ocrx_word' id='word_1_62' title='bbox 401 1165 522 1226; x_wconf 90' lang='lat' dir='ltr'><strong>operam</strong></span> <span class='ocrx_word' id='word_1_63' title='bbox 541 1147 630 1208; x_wconf 88' lang='lat' dir='ltr'><strong>dedit.</strong></span> <span class='ocrx_word' id='word_1_64' title='bbox 669 1147 727 1206; x_wconf 90' lang='lat' dir='ltr'><strong>Sed</strong></span> <span class='ocrx_word' id='word_1_65' title='bbox 748 1165 926 1226; x_wconf 86' lang='lat' dir='ltr'><strong>quamquam</strong></span> <span class='ocrx_word' id='word_1_66' title='bbox 944 1147 1158 1210; x_wconf 89' lang='lat' dir='ltr'><strong>Baehrensium</strong></span> <span class='ocrx_word' id='word_1_67' title='bbox 1177 1149 1323 1228; x_wconf 86' lang='lat' dir='ltr'><strong>permulta</strong></span> <span class='ocrx_word' id='word_1_68' title='bbox 1388 1187 1393 1191; x_wconf 62' lang='grc'><strong>«</strong></span> 
     </span>
    </p>
   </div>
   <div class='ocr_carea' id='block_1_6' title="bbox 152 1245 1324 1326">
    <p class='ocr_par' dir='ltr' id='par_1_6' title="bbox 152 1245 1324 1326">
     <span class='ocr_line' id='line_1_9' title="bbox 152 1245 1324 1326; baseline 0.002 -22"><span class='ocrx_word' id='word_1_69' title='bbox 152 1246 287 1324; x_wconf 84' lang='lat' dir='ltr'><strong>posuisse</strong></span> <span class='ocrx_word' id='word_1_70' title='bbox 307 1245 503 1323; x_wconf 83' lang='lat' dir='ltr'><strong>magis-quam</strong></span> <span class='ocrx_word' id='word_1_71' title='bbox 522 1247 705 1323; x_wconf 81' lang='lat' dir='ltr'><strong>argumentis</strong></span> <span class='ocrx_word' id='word_1_72' title='bbox 724 1246 944 1307; x_wconf 83' lang='lat' dir='ltr'><strong>demonstrasse</strong></span> <span class='ocrx_word' id='word_1_73' title='bbox 965 1246 1023 1307; x_wconf 92' lang='lat' dir='ltr'><strong>illis</strong></span> <span class='ocrx_word' id='word_1_74' title='bbox 1042 1246 1169 1307; x_wconf 85' lang='lat' dir='ltr'><strong>libenter</strong></span> <span class='ocrx_word' id='word_1_75' title='bbox 1182 1247 1324 1326; x_wconf 82' lang='lat' dir='ltr'><strong>concedo,</strong></span> 
     </span>
    </p>
   </div>
   <div class='ocr_carea' id='block_1_7' title="bbox 45 1341 1321 1424">
    <p class='ocr_par' dir='ltr' id='par_1_7' title="bbox 45 1341 1321 1424">
     <span class='ocr_line' id='line_1_10' title="bbox 45 1341 1321 1424; baseline 0.002 -22"><span class='ocrx_word' id='word_1_76' title='bbox 45 1377 52 1386; x_wconf 93' lang='lat'><strong>·</strong></span> <span class='ocrx_word' id='word_1_77' title='bbox 153 1351 250 1402; x_wconf 88' lang='lat' dir='ltr'><strong>tamen</strong></span> <span class='ocrx_word' id='word_1_78' title='bbox 274 1349 388 1402; x_wconf 91' lang='lat' dir='ltr'><strong>tantum</strong></span> <span class='ocrx_word' id='word_1_79' title='bbox 412 1342 504 1424; x_wconf 86' lang='lat' dir='ltr'><strong>abest,</strong></span> <span class='ocrx_word' id='word_1_80' title='bbox 524 1351 561 1404; x_wconf 89' lang='lat' dir='ltr'><strong>ut</strong></span> <span class='ocrx_word' id='word_1_81' title='bbox 584 1353 679 1404; x_wconf 91' lang='lat' dir='ltr'><strong>artem</strong></span> <span class='ocrx_word' id='word_1_82' title='bbox 703 1346 837 1406; x_wconf 89' lang='lat' dir='ltr'><strong>criticam</strong></span> <span class='ocrx_word' id='word_1_83' title='bbox 860 1343 895 1403; x_wconf 90' lang='lat' dir='ltr'><strong>ad</strong></span> <span class='ocrx_word' id='word_1_84' title='bbox 915 1341 1139 1422; x_wconf 88' lang='lat' dir='ltr'><strong>Neapolitanum</strong></span> <span class='ocrx_word' id='word_1_85' title='bbox 1161 1346 1256 1405; x_wconf 91' lang='lat' dir='ltr'><strong>solum</strong></span> <span class='ocrx_word' id='word_1_86' title='bbox 1275 1363 1321 1404; x_wconf 92' lang='lat' dir='ltr'><strong>re·</strong></span> 
     </span>
    </p>
   </div>
   <div class='ocr_carea' id='block_1_8' title="bbox 70 1435 1323 1523">
    <p class='ocr_par' dir='ltr' id='par_1_8' title="bbox 70 1435 1323 1523">
     <span class='ocr_line' id='line_1_11' title="bbox 70 1435 1323 1523; baseline 0.002 -23"><span class='ocrx_word' id='word_1_87' title='bbox 70 1435 73 1442; x_wconf 82' lang='lat'>&#39;</span> <span class='ocrx_word' id='word_1_88' title='bbox 154 1439 316 1500; x_wconf 82' lang='lat' dir='ltr'><strong>nocendam</strong></span> <span class='ocrx_word' id='word_1_89' title='bbox 335 1440 440 1500; x_wconf 91' lang='lat' dir='ltr'><strong>autad</strong></span> <span class='ocrx_word' id='word_1_90' title='bbox 460 1441 678 1502; x_wconf 87' lang='lat' dir='ltr'><strong>certumfinem</strong></span> <span class='ocrx_word' id='word_1_91' title='bbox 701 1461 764 1504; x_wconf 88' lang='lat' dir='ltr'><strong>rem</strong></span> <span class='ocrx_word' id='word_1_92' title='bbox 789 1443 962 1523; x_wconf 87' lang='lat' dir='ltr'><strong>perductam</strong></span> <span class='ocrx_word' id='word_1_93' title='bbox 984 1459 1049 1502; x_wconf 85' lang='lat' dir='ltr'><strong>esse</strong></span> <span class='ocrx_word' id='word_1_94' title='bbox 1073 1443 1146 1504; x_wconf 91' lang='lat' dir='ltr'><strong>mihi</strong></span> <span class='ocrx_word' id='word_1_95' title='bbox 1168 1459 1323 1522; x_wconf 86' lang='lat' dir='ltr'><strong>persuase-</strong></span> 
     </span>
    </p>
   </div>
   <div class='ocr_carea' id='block_1_9' title="bbox 42 1537 1325 1622">
    <p class='ocr_par' dir='ltr' id='par_1_9' title="bbox 42 1537 1325 1622">
     <span class='ocr_line' id='line_1_12' title="bbox 42 1537 1325 1622; baseline 0.001 -23"><span class='ocrx_word' id='word_1_96' title='bbox 42 1576 50 1585; x_wconf 93' lang='lat'>-</span> <span class='ocrx_word' id='word_1_97' title='bbox 153 1542 221 1620; x_wconf 82' lang='lat' dir='ltr'><strong>rint,</strong></span> <span class='ocrx_word' id='word_1_98' title='bbox 237 1546 272 1598; x_wconf 89' lang='lat' dir='ltr'><strong>ut</strong></span> <span class='ocrx_word' id='word_1_99' title='bbox 286 1537 458 1600; x_wconf 81' lang='lat' dir='ltr'><strong>Bnebrensii</strong></span> <span class='ocrx_word' id='word_1_100' title='bbox 473 1540 572 1619; x_wconf 91' lang='lat' dir='ltr'><strong>operis</strong></span> <span class='ocrx_word' id='word_1_101' title='bbox 588 1542 719 1603; x_wconf 88' lang='lat' dir='ltr'><strong>nouitate</strong></span> <span class='ocrx_word' id='word_1_102' title='bbox 736 1544 820 1622; x_wconf 88' lang='lat' dir='ltr'><strong>quasi</strong></span> <span class='ocrx_word' id='word_1_103' title='bbox 834 1559 994 1620; x_wconf 89' lang='lat' dir='ltr'><strong>oppressos</strong></span> <span class='ocrx_word' id='word_1_104' title='bbox 1014 1543 1104 1603; x_wconf 90' lang='lat' dir='ltr'><strong>nimio</strong></span> <span class='ocrx_word' id='word_1_105' title='bbox 1120 1541 1198 1601; x_wconf 93' lang='lat' dir='ltr'><strong>illius</strong></span> <span class='ocrx_word' id='word_1_106' title='bbox 1212 1541 1325 1601; x_wconf 89' lang='lat' dir='ltr'><strong>codicis</strong></span> 
     </span>
    </p>
   </div>
   <div class='ocr_carea' id='block_1_10' title="bbox 73 1636 1376 3580">
    <p class='ocr_par' dir='ltr' id='par_1_10' title="bbox 73 1636 1326 2608">
     <span class='ocr_line' id='line_1_13' title="bbox 154 1636 1325 1720; baseline 0.001 -23"><span class='ocrx_word' id='word_1_107' title='bbox 154 1638 362 1716; x_wconf 89' lang='lat' dir='ltr'><strong>praestantiam</strong></span> <span class='ocrx_word' id='word_1_108' title='bbox 382 1636 560 1700; x_wconf 81' lang='lat' dir='ltr'><strong>defendendi</strong></span> <span class='ocrx_word' id='word_1_109' title='bbox 580 1638 678 1700; x_wconf 88' lang='lat' dir='ltr'><strong>studio</strong></span> <span class='ocrx_word' id='word_1_110' title='bbox 697 1640 836 1720; x_wconf 88' lang='lat' dir='ltr'><strong>abreptos</strong></span> <span class='ocrx_word' id='word_1_111' title='bbox 856 1657 907 1698; x_wconf 90' lang='lat' dir='ltr'><strong>eos</strong></span> <span class='ocrx_word' id='word_1_112' title='bbox 927 1655 992 1698; x_wconf 90' lang='lat' dir='ltr'><strong>esse</strong></span> <span class='ocrx_word' id='word_1_113' title='bbox 1012 1647 1042 1698; x_wconf 91' lang='lat' dir='ltr'><strong>et</strong></span> <span class='ocrx_word' id='word_1_114' title='bbox 1060 1656 1133 1697; x_wconf 91' lang='lat' dir='ltr'><strong>nera</strong></span> <span class='ocrx_word' id='word_1_115' title='bbox 1151 1657 1219 1698; x_wconf 92' lang='lat' dir='ltr'><strong>cum</strong></span> <span class='ocrx_word' id='word_1_116' title='bbox 1243 1639 1325 1698; x_wconf 86' lang='lat' dir='ltr'><strong>falsis</strong></span> 
     </span>
     <span class='ocr_line' id='line_1_14' title="bbox 154 1734 1324 1816; baseline -0.002 -18"><span class='ocrx_word' id='word_1_117' title='bbox 154 1738 309 1798; x_wconf 89' lang='lat' dir='ltr'><strong>miscuisse</strong></span> <span class='ocrx_word' id='word_1_118' title='bbox 333 1734 518 1797; x_wconf 84' lang='lat' dir='ltr'><strong>contendam,</strong></span> <span class='ocrx_word' id='word_1_119' title='bbox 561 1734 681 1798; x_wconf 82' lang='lat' dir='ltr'><strong>Cautius</strong></span> <span class='ocrx_word' id='word_1_120' title='bbox 705 1756 769 1800; x_wconf 92' lang='lat' dir='ltr'><strong>rem</strong></span> <span class='ocrx_word' id='word_1_121' title='bbox 793 1737 853 1816; x_wconf 86' lang='lat' dir='ltr'><strong>egit</strong></span> <span class='ocrx_word' id='word_1_122' title='bbox 876 1735 907 1796; x_wconf 80' lang='lat' dir='ltr'><strong>A.</strong></span> <span class='ocrx_word' id='word_1_123' title='bbox 931 1734 1119 1795; x_wconf 89' lang='lat' dir='ltr'><strong>Palmerus</strong></span> <span class='ocrx_word' id='word_1_124' title='bbox 1142 1738 1172 1795; x_wconf 94' lang='lat' dir='ltr'><strong>in</strong></span> <span class='ocrx_word' id='word_1_125' title='bbox 1196 1736 1324 1796; x_wconf 90' lang='lat' dir='ltr'><strong>editione</strong></span> 
     </span>
     <span class='ocr_line' id='line_1_15' title="bbox 116 1821 1326 1918; baseline -0.004 -21"><span class='ocrx_word' id='word_1_126' title='bbox 116 1821 120 1840; x_wconf 62' lang='lat'><strong>¹</strong></span> <span class='ocrx_word' id='word_1_127' title='bbox 154 1856 176 1897; x_wconf 90' lang='lat' dir='ltr'><strong>a.</strong></span> <span class='ocrx_word' id='word_1_128' title='bbox 203 1832 289 1897; x_wconf 88' lang='lat'>1880</span> <span class='ocrx_word' id='word_1_129' title='bbox 313 1837 343 1893; x_wconf 93' lang='lat' dir='ltr'><strong>in</strong></span> <span class='ocrx_word' id='word_1_130' title='bbox 372 1833 468 1894; x_wconf 89' lang='lat' dir='ltr'><strong>lucem</strong></span> <span class='ocrx_word' id='word_1_131' title='bbox 499 1835 619 1918; x_wconf 83' lang='lat' dir='ltr'><strong>emissa,</strong></span> <span class='ocrx_word' id='word_1_132' title='bbox 650 1855 706 1916; x_wconf 84' lang='lat' dir='ltr'><strong>qua</strong></span> <span class='ocrx_word' id='word_1_133' title='bbox 735 1839 777 1898; x_wconf 90' lang='lat' dir='ltr'><strong>ita</strong></span> <span class='ocrx_word' id='word_1_134' title='bbox 803 1834 1028 1914; x_wconf 86' lang='lat' dir='ltr'><strong>Neapolitanum</strong></span> <span class='ocrx_word' id='word_1_135' title='bbox 1056 1839 1178 1893; x_wconf 91' lang='lat' dir='ltr'><strong>secutus</strong></span> <span class='ocrx_word' id='word_1_136' title='bbox 1204 1842 1263 1914; x_wconf 86' lang='lat' dir='ltr'><strong>est,</strong></span> <span class='ocrx_word' id='word_1_137' title='bbox 1293 1842 1326 1893; x_wconf 89' lang='lat' dir='ltr'><strong>ut</strong></span> 
     </span>
     <span class='ocr_line' id='line_1_16' title="bbox 153 1929 1325 2015; baseline -0.003 -21"><span class='ocrx_word' id='word_1_138' title='bbox 153 1934 277 1995; x_wconf 90' lang='lat' dir='ltr'><strong>aliorum</strong></span> <span class='ocrx_word' id='word_1_139' title='bbox 303 1931 438 1991; x_wconf 90' lang='lat' dir='ltr'><strong>codicum</strong></span> <span class='ocrx_word' id='word_1_140' title='bbox 463 1929 593 1991; x_wconf 90' lang='lat' dir='ltr'><strong>subsidia</strong></span> <span class='ocrx_word' id='word_1_141' title='bbox 617 1951 677 1994; x_wconf 90' lang='lat' dir='ltr'><strong>nou</strong></span> <span class='ocrx_word' id='word_1_142' title='bbox 699 1953 824 2015; x_wconf 89' lang='lat' dir='ltr'><strong>prorsus</strong></span> <span class='ocrx_word' id='word_1_143' title='bbox 848 1930 1325 2012; x_wconf 87' lang='lat' dir='ltr'><strong>spe1·neret;etpluralortasse</strong></span> 
     </span>
     <span class='ocr_line' id='line_1_17' title="bbox 154 2027 1325 2112; baseline -0.004 -20"><span class='ocrx_word' id='word_1_144' title='bbox 154 2051 169 2092; x_wconf 92' lang='lat' dir='ltr'><strong>e</strong></span> <span class='ocrx_word' id='word_1_145' title='bbox 193 2028 367 2090; x_wconf 90' lang='lat' dir='ltr'><strong>Baehreusii</strong></span> <span class='ocrx_word' id='word_1_146' title='bbox 390 2027 475 2089; x_wconf 90' lang='lat' dir='ltr'><strong>libris</strong></span> <span class='ocrx_word' id='word_1_147' title='bbox 499 2039 652 2111; x_wconf 88' lang='lat' dir='ltr'><strong>nouasset,</strong></span> <span class='ocrx_word' id='word_1_148' title='bbox 680 2035 738 2093; x_wconf 91' lang='lat' dir='ltr'><strong>nisi</strong></span> <span class='ocrx_word' id='word_1_149' title='bbox 764 2049 853 2112; x_wconf 89' lang='lat' dir='ltr'><strong>opere</strong></span> <span class='ocrx_word' id='word_1_150' title='bbox 878 2032 940 2090; x_wconf 90' lang='lat' dir='ltr'><strong>lere</strong></span> <span class='ocrx_word' id='word_1_151' title='bbox 965 2028 1099 2088; x_wconf 92' lang='lat' dir='ltr'><strong>absoluto</strong></span> <span class='ocrx_word' id='word_1_152' title='bbox 1122 2028 1211 2088; x_wconf 90' lang='lat' dir='ltr'><strong>huius</strong></span> <span class='ocrx_word' id='word_1_153' title='bbox 1235 2028 1325 2089; x_wconf 91' lang='lat' dir='ltr'><strong>editio</strong></span> 
     </span>
     <span class='ocr_line' id='line_1_18' title="bbox 73 2119 1325 2209; baseline -0.004 -18"><span class='ocrx_word' id='word_1_154' title='bbox 73 2183 77 2191; x_wconf 93' lang='lat'><strong>.</strong></span> <span class='ocrx_word' id='word_1_155' title='bbox 153 2131 182 2189; x_wconf 95' lang='lat' dir='ltr'><strong>in</strong></span> <span class='ocrx_word' id='word_1_156' title='bbox 207 2147 312 2188; x_wconf 90' lang='lat' dir='ltr'><strong>manus</strong></span> <span class='ocrx_word' id='word_1_157' title='bbox 336 2128 366 2186; x_wconf 88' lang='lat' dir='ltr'><strong>ei</strong></span> <span class='ocrx_word' id='word_1_158' title='bbox 388 2129 529 2187; x_wconf 89' lang='lat' dir='ltr'><strong>uenisset.</strong></span> <span class='ocrx_word' id='word_1_159' title='bbox 577 2128 677 2189; x_wconf 89' lang='lat' dir='ltr'><strong>Simile</strong></span> <span class='ocrx_word' id='word_1_160' title='bbox 704 2131 846 2190; x_wconf 89' lang='lat' dir='ltr'><strong>iudicium</strong></span> <span class='ocrx_word' id='word_1_161' title='bbox 874 2127 1053 2187; x_wconf 90' lang='lat' dir='ltr'><strong>Vableuus</strong></span> <span class='ocrx_word' id='word_1_162' title='bbox 1081 2119 1274 2209; x_wconf 83' lang='lat' dir='ltr'><strong>(Monatsber·.</strong></span> <span class='ocrx_word' id='word_1_163' title='bbox 1298 2126 1325 2186; x_wconf 91' lang='lat' dir='ltr'><strong>d.</strong></span> 
     </span>
     <span class='ocr_line' id='line_1_19' title="bbox 154 2212 1326 2306; baseline -0.003 -20"><span class='ocrx_word' id='word_1_164' title='bbox 154 2212 216 2306; x_wconf 87' lang='lat' dir='ltr'><strong>Kgl.</strong></span> <span class='ocrx_word' id='word_1_165' title='bbox 246 2243 360 2305; x_wconf 90' lang='lat' dir='ltr'><strong>prenss.</strong></span> <span class='ocrx_word' id='word_1_166' title='bbox 385 2225 474 2286; x_wconf 78' lang='lat' dir='ltr'><strong>riliad.</strong></span> <span class='ocrx_word' id='word_1_167' title='bbox 505 2226 532 2286; x_wconf 92' lang='lat' dir='ltr'><strong>d.</strong></span> <span class='ocrx_word' id='word_1_168' title='bbox 555 2225 642 2287; x_wconf 92' lang='lat' dir='ltr'><strong>Wiss.</strong></span> <span class='ocrx_word' id='word_1_169' title='bbox 672 2245 694 2286; x_wconf 92' lang='lat' dir='ltr'><strong>z.</strong></span> <span class='ocrx_word' id='word_1_170' title='bbox 723 2227 800 2287; x_wconf 83' lang='lat' dir='ltr'><strong>Rerl.</strong></span> <span class='ocrx_word' id='word_1_171' title='bbox 827 2223 911 2290; x_wconf 69' lang='lat'><em>1881,</em></span> <span class='ocrx_word' id='word_1_172' title='bbox 940 2224 1008 2303; x_wconf 78' lang='lat' dir='ltr'><strong>Apr.</strong></span> <span class='ocrx_word' id='word_1_173' title='bbox 1036 2244 1065 2302; x_wconf 88' lang='lat' dir='ltr'><strong>p.</strong></span> <span class='ocrx_word' id='word_1_174' title='bbox 1089 2217 1220 2306; x_wconf 81' lang='lat' dir='ltr'><strong>336sq.)</strong></span> <span class='ocrx_word' id='word_1_175' title='bbox 1248 2225 1326 2304; x_wconf 88' lang='lat' dir='ltr'><strong>lacit,</strong></span> 
     </span>
     <span class='ocr_line' id='line_1_20' title="bbox 154 2322 1325 2405; baseline -0.003 -20"><span class='ocrx_word' id='word_1_176' title='bbox 154 2343 232 2405; x_wconf 86' lang='lat' dir='ltr'><strong>cnm,</strong></span> <span class='ocrx_word' id='word_1_177' title='bbox 255 2325 311 2384; x_wconf 88' lang='lat' dir='ltr'><strong>etsi</strong></span> <span class='ocrx_word' id='word_1_178' title='bbox 335 2322 427 2383; x_wconf 85' lang='lat' dir='ltr'><strong>codex</strong></span> <span class='ocrx_word' id='word_1_179' title='bbox 455 2323 504 2383; x_wconf 92' lang='lat' dir='ltr'><strong>ille</strong></span> <span class='ocrx_word' id='word_1_180' title='bbox 527 2323 806 2403; x_wconf 85' lang='lat' dir='ltr'><strong>interpolationibus</strong></span> <span class='ocrx_word' id='word_1_181' title='bbox 830 2341 889 2383; x_wconf 93' lang='lat' dir='ltr'><strong>non</strong></span> <span class='ocrx_word' id='word_1_182' title='bbox 912 2339 1026 2383; x_wconf 89' lang='lat' dir='ltr'><strong>uacuus</strong></span> <span class='ocrx_word' id='word_1_183' title='bbox 1050 2325 1102 2403; x_wconf 86' lang='lat' dir='ltr'><strong>sit,</strong></span> <span class='ocrx_word' id='word_1_184' title='bbox 1126 2330 1224 2382; x_wconf 88' lang='lat' dir='ltr'><strong>tamen</strong></span> <span class='ocrx_word' id='word_1_185' title='bbox 1248 2324 1325 2382; x_wconf 90' lang='lat' dir='ltr'><strong>eius-</strong></span> 
     </span>
     <span class='ocr_line' id='line_1_21' title="bbox 154 2421 1326 2504; baseline -0.004 -19"><span class='ocrx_word' id='word_1_186' title='bbox 154 2423 233 2484; x_wconf 93' lang='lat' dir='ltr'><strong>modi</strong></span> <span class='ocrx_word' id='word_1_187' title='bbox 258 2439 324 2482; x_wconf 90' lang='lat' dir='ltr'><strong>esse</strong></span> <span class='ocrx_word' id='word_1_188' title='bbox 347 2424 412 2482; x_wconf 87' lang='lat' dir='ltr'><strong>eius</strong></span> <span class='ocrx_word' id='word_1_189' title='bbox 440 2421 582 2482; x_wconf 89' lang='lat' dir='ltr'><strong>lectiones</strong></span> <span class='ocrx_word' id='word_1_190' title='bbox 606 2423 779 2504; x_wconf 81' lang='lat' dir='ltr'><strong>contendat,</strong></span> <span class='ocrx_word' id='word_1_191' title='bbox 809 2431 843 2482; x_wconf 93' lang='lat' dir='ltr'><strong>ut</strong></span> <span class='ocrx_word' id='word_1_192' title='bbox 870 2439 988 2501; x_wconf 89' lang='lat' dir='ltr'><strong>semper</strong></span> <span class='ocrx_word' id='word_1_193' title='bbox 1016 2421 1121 2499; x_wconf 84' lang='lat' dir='ltr'><strong>dignae</strong></span> <span class='ocrx_word' id='word_1_194' title='bbox 1149 2421 1221 2500; x_wconf 90' lang='lat' dir='ltr'><strong>sint,</strong></span> <span class='ocrx_word' id='word_1_195' title='bbox 1251 2437 1326 2498; x_wconf 88' lang='lat' dir='ltr'><strong>quae</strong></span> 
     </span>
     <span class='ocr_line' id='line_1_22' title="bbox 123 2505 1032 2608; baseline -0.004 -26"><span class='ocrx_word' id='word_1_196' title='bbox 123 2601 127 2608; x_wconf 14' lang='grc' dir='ltr'><strong>ἡ</strong></span> <span class='ocrx_word' id='word_1_197' title='bbox 154 2522 380 2600; x_wconf 85' lang='lat' dir='ltr'><strong>diligentissime</strong></span> <span class='ocrx_word' id='word_1_198' title='bbox 405 2522 619 2581; x_wconf 87' lang='lat' dir='ltr'><strong>examinentur.</strong></span> <span class='ocrx_word' id='word_1_199' title='bbox 1027 2505 1032 2514; x_wconf 68' lang='grc'><em>’</em></span> 
     </span>
    </p>

    <p class='ocr_par' dir='ltr' id='par_1_11' title="bbox 79 2617 1376 3580">
     <span class='ocr_line' id='line_1_23' title="bbox 244 2617 1326 2697; baseline -0.001 -20"><span class='ocrx_word' id='word_1_200' title='bbox 244 2617 345 2697; x_wconf 86' lang='lat' dir='ltr'><strong>ltaque</strong></span> <span class='ocrx_word' id='word_1_201' title='bbox 368 2635 436 2678; x_wconf 89' lang='lat' dir='ltr'><strong>cum</strong></span> <span class='ocrx_word' id='word_1_202' title='bbox 455 2619 629 2678; x_wconf 83' lang='lat' dir='ltr'><strong>criticonrm</strong></span> <span class='ocrx_word' id='word_1_203' title='bbox 654 2621 817 2679; x_wconf 88' lang='lat' dir='ltr'><strong>sententiae</strong></span> <span class='ocrx_word' id='word_1_204' title='bbox 842 2618 938 2678; x_wconf 90' lang='lat' dir='ltr'><strong>adbuc</strong></span> <span class='ocrx_word' id='word_1_205' title='bbox 962 2617 1133 2697; x_wconf 90' lang='lat' dir='ltr'><strong>discrepent</strong></span> <span class='ocrx_word' id='word_1_206' title='bbox 1156 2627 1185 2678; x_wconf 90' lang='lat' dir='ltr'><strong>et</strong></span> <span class='ocrx_word' id='word_1_207' title='bbox 1204 2617 1251 2677; x_wconf 81' lang='lat' dir='ltr'><strong>l&#39;r.</strong></span> <span class='ocrx_word' id='word_1_208' title='bbox 1267 2617 1326 2677; x_wconf 92' lang='lat' dir='ltr'><strong>Leo</strong></span> 
     </span>
     <span class='ocr_line' id='line_1_24' title="bbox 155 2714 1326 2797; baseline -0.002 -19"><span class='ocrx_word' id='word_1_209' title='bbox 155 2735 217 2778; x_wconf 89' lang='lat' dir='ltr'><strong>rem</strong></span> <span class='ocrx_word' id='word_1_210' title='bbox 240 2718 327 2777; x_wconf 90' lang='lat' dir='ltr'><strong>nimis</strong></span> <span class='ocrx_word' id='word_1_211' title='bbox 347 2714 480 2777; x_wconf 90' lang='lat' dir='ltr'><strong>breuiter</strong></span> <span class='ocrx_word' id='word_1_212' title='bbox 499 2715 670 2797; x_wconf 86' lang='lat' dir='ltr'><strong>absoluerit,</strong></span> <span class='ocrx_word' id='word_1_213' title='bbox 694 2735 753 2777; x_wconf 93' lang='lat' dir='ltr'><strong>non</strong></span> <span class='ocrx_word' id='word_1_214' title='bbox 772 2726 836 2778; x_wconf 89' lang='lat' dir='ltr'><strong>acta</strong></span> <span class='ocrx_word' id='word_1_215' title='bbox 855 2735 942 2796; x_wconf 87' lang='lat' dir='ltr'><strong>agere</strong></span> <span class='ocrx_word' id='word_1_216' title='bbox 963 2715 1034 2777; x_wconf 88' lang='lat' dir='ltr'><strong>mihi</strong></span> <span class='ocrx_word' id='word_1_217' title='bbox 1053 2716 1167 2796; x_wconf 85' lang='lat' dir='ltr'><strong>uideor,</strong></span> <span class='ocrx_word' id='word_1_218' title='bbox 1191 2719 1216 2776; x_wconf 90' lang='lat' dir='ltr'><strong>si</strong></span> <span class='ocrx_word' id='word_1_219' title='bbox 1236 2723 1326 2776; x_wconf 90' lang='lat' dir='ltr'><strong>totam</strong></span> 
     </span>
     <span class='ocr_line' id='line_1_25' title="bbox 156 2801 1376 2894; baseline -0.002 -18"><span class='ocrx_word' id='word_1_220' title='bbox 156 2817 359 2894; x_wconf 75' lang='lat' dir='ltr'><strong>quiaestionem</strong></span> <span class='ocrx_word' id='word_1_221' title='bbox 388 2801 528 2892; x_wconf 90' lang='lat' dir='ltr'><strong>ampliore</strong></span> <span class='ocrx_word' id='word_1_222' title='bbox 556 2814 755 2893; x_wconf 90' lang='lat' dir='ltr'><strong>disputatione</strong></span> <span class='ocrx_word' id='word_1_223' title='bbox 785 2824 913 2874; x_wconf 90' lang='lat' dir='ltr'><strong>retracto</strong></span> <span class='ocrx_word' id='word_1_224' title='bbox 942 2824 971 2874; x_wconf 92' lang='lat' dir='ltr'><strong>et</strong></span> <span class='ocrx_word' id='word_1_225' title='bbox 999 2832 1086 2892; x_wconf 88' lang='lat' dir='ltr'><strong>quam</strong></span> <span class='ocrx_word' id='word_1_226' title='bbox 1114 2816 1238 2874; x_wconf 82' lang='lat' dir='ltr'><strong>maxime</strong></span> <span class='ocrx_word' id='word_1_227' title='bbox 1262 2815 1329 2874; x_wconf 88' lang='lat' dir='ltr'><strong>lieri</strong></span> <span class='ocrx_word' id='word_1_228' title='bbox 1372 2831 1376 2838; x_wconf 91' lang='lat'>·</span> 
     </span>
     <span class='ocr_line' id='line_1_26' title="bbox 154 2910 1327 2994; baseline -0.003 -20"><span class='ocrx_word' id='word_1_229' title='bbox 154 2920 266 2994; x_wconf 84' lang='lat' dir='ltr'><strong>potest,</strong></span> <span class='ocrx_word' id='word_1_230' title='bbox 290 2914 353 2972; x_wconf 90' lang='lat' dir='ltr'><strong>sine</strong></span> <span class='ocrx_word' id='word_1_231' title='bbox 377 2914 474 2971; x_wconf 89' lang='lat' dir='ltr'><strong>ira-et</strong></span> <span class='ocrx_word' id='word_1_232' title='bbox 498 2911 609 2991; x_wconf 85' lang='lat' dir='ltr'><strong>studio,</strong></span> <span class='ocrx_word' id='word_1_233' title='bbox 633 2911 704 2989; x_wconf 86' lang='lat' dir='ltr'><strong>quid</strong></span> <span class='ocrx_word' id='word_1_234' title='bbox 729 2915 774 2972; x_wconf 92' lang='lat' dir='ltr'><strong>rei</strong></span> <span class='ocrx_word' id='word_1_235' title='bbox 798 2914 848 2992; x_wconf 80' lang='lat' dir='ltr'><strong>sit,</strong></span> <span class='ocrx_word' id='word_1_236' title='bbox 872 2911 1052 2971; x_wconf 85' lang='lat' dir='ltr'><strong>demonstro.</strong></span> <span class='ocrx_word' id='word_1_237' title='bbox 1098 2911 1211 2990; x_wconf 79' lang='lat' dir='ltr'><strong>Atque</strong></span> <span class='ocrx_word' id='word_1_238' title='bbox 1238 2910 1327 2971; x_wconf 82' lang='lat' dir='ltr'><strong>lianc</strong></span> 
     </span>
     <span class='ocr_line' id='line_1_27' title="bbox 95 3007 1327 3096; baseline -0.003 -25"><span class='ocrx_word' id='word_1_239' title='bbox 95 3015 97 3021; x_wconf 83' lang='grc'><em>’</em></span> <span class='ocrx_word' id='word_1_240' title='bbox 156 3011 298 3090; x_wconf 87' lang='lat' dir='ltr'><strong>quidem</strong></span> <span class='ocrx_word' id='word_1_241' title='bbox 322 3011 413 3069; x_wconf 90' lang='lat' dir='ltr'><strong>ulam</strong></span> <span class='ocrx_word' id='word_1_242' title='bbox 436 3009 634 3088; x_wconf 82' lang='lat' dir='ltr'><strong>ingrediar,</strong></span> <span class='ocrx_word' id='word_1_243' title='bbox 662 3016 700 3067; x_wconf 94' lang='lat' dir='ltr'><strong>ut</strong></span> <span class='ocrx_word' id='word_1_244' title='bbox 722 3009 887 3096; x_wconf 81' lang='lat' dir='ltr'><strong>primum,</strong></span> <span class='ocrx_word' id='word_1_245' title='bbox 916 3007 1000 3087; x_wconf 89' lang='lat' dir='ltr'><strong>quid</strong></span> <span class='ocrx_word' id='word_1_246' title='bbox 1024 3008 1065 3068; x_wconf 88' lang='lat' dir='ltr'><strong>de</strong></span> <span class='ocrx_word' id='word_1_247' title='bbox 1094 3007 1251 3068; x_wconf 78' lang='lat' dir='ltr'><strong>familiae</strong></span> <span class='ocrx_word' id='word_1_248' title='bbox 1275 3009 1327 3067; x_wconf 79' lang='lat' dir='ltr'><strong>AF</strong></span> 
     </span>
     <span class='ocr_line' id='line_1_28' title="bbox 156 3105 1327 3192; baseline -0.002 -24"><span class='ocrx_word' id='word_1_249' title='bbox 156 3109 229 3169; x_wconf 91' lang='lat' dir='ltr'><strong>lide</strong></span> <span class='ocrx_word' id='word_1_250' title='bbox 253 3106 482 3169; x_wconf 87' lang='lat' dir='ltr'><strong>iudicandum</strong></span> <span class='ocrx_word' id='word_1_251' title='bbox 502 3107 561 3184; x_wconf 85' lang='lat' dir='ltr'><strong>sit,</strong></span> <span class='ocrx_word' id='word_1_252' title='bbox 582 3123 761 3186; x_wconf 84' lang='lat' dir='ltr'><strong>quaeram,</strong></span> <span class='ocrx_word' id='word_1_253' title='bbox 782 3105 910 3165; x_wconf 88' lang='lat' dir='ltr'><strong>delude</strong></span> <span class='ocrx_word' id='word_1_254' title='bbox 930 3108 1096 3166; x_wconf 90' lang='lat' dir='ltr'><strong>tractatis</strong></span> <span class='ocrx_word' id='word_1_255' title='bbox 1115 3108 1161 3192; x_wconf 87' lang='lat' dir='ltr'><strong>iis</strong></span> <span class='ocrx_word' id='word_1_256' title='bbox 1180 3108 1327 3185; x_wconf 89' lang='lat' dir='ltr'><strong>potissi-</strong></span> 
     </span>
     <span class='ocr_line' id='line_1_29' title="bbox 79 3201 1328 3286; baseline -0.003 -17"><span class='ocrx_word' id='word_1_257' title='bbox 79 3258 81 3269; x_wconf 83' lang='lat'><strong>.</strong></span> <span class='ocrx_word' id='word_1_258' title='bbox 156 3225 247 3268; x_wconf 93' lang='lat' dir='ltr'><strong>mum</strong></span> <span class='ocrx_word' id='word_1_259' title='bbox 266 3206 369 3285; x_wconf 56' lang='lat' dir='ltr'><strong>locis</strong></span> <span class='ocrx_word' id='word_1_260' title='bbox 384 3202 445 3264; x_wconf 95' lang='lat' dir='ltr'><strong>ubi</strong></span> <span class='ocrx_word' id='word_1_261' title='bbox 463 3202 503 3261; x_wconf 92' lang='lat' dir='ltr'><strong>ab</strong></span> <span class='ocrx_word' id='word_1_262' title='bbox 522 3201 635 3263; x_wconf 91' lang='lat' dir='ltr'><strong>altera</strong></span> <span class='ocrx_word' id='word_1_263' title='bbox 653 3212 754 3282; x_wconf 90' lang='lat' dir='ltr'><strong>parte</strong></span> <span class='ocrx_word' id='word_1_264' title='bbox 770 3202 796 3263; x_wconf 94' lang='lat' dir='ltr'><strong>N</strong></span> <span class='ocrx_word' id='word_1_265' title='bbox 810 3202 851 3263; x_wconf 88' lang='lat' dir='ltr'><strong>ab</strong></span> <span class='ocrx_word' id='word_1_266' title='bbox 870 3203 1033 3265; x_wconf 90' lang='lat' dir='ltr'><strong>omnibus</strong></span> <span class='ocrx_word' id='word_1_267' title='bbox 1048 3203 1167 3265; x_wconf 86' lang='lat' dir='ltr'><strong>Libris</strong></span> <span class='ocrx_word' id='word_1_268' title='bbox 1187 3204 1328 3286; x_wconf 84' lang='lat' dir='ltr'><strong>diflert,</strong></span> 
     </span>
     <span class='ocr_line' id='line_1_30' title="bbox 155 3299 1329 3382; baseline -0.003 -16"><span class='ocrx_word' id='word_1_269' title='bbox 155 3307 263 3366; x_wconf 92' lang='lat' dir='ltr'><strong>huius</strong></span> <span class='ocrx_word' id='word_1_270' title='bbox 296 3301 434 3362; x_wconf 88' lang='lat' dir='ltr'><strong>codicis</strong></span> <span class='ocrx_word' id='word_1_271' title='bbox 462 3309 497 3360; x_wconf 93' lang='lat' dir='ltr'><strong>et</strong></span> <span class='ocrx_word' id='word_1_272' title='bbox 524 3300 680 3374; x_wconf 83' lang='lat' dir='ltr'><strong>familiae</strong></span> <span class='ocrx_word' id='word_1_273' title='bbox 709 3299 758 3360; x_wconf 90' lang='lat' dir='ltr'><strong>DV</strong></span> <span class='ocrx_word' id='word_1_274' title='bbox 786 3305 1041 3363; x_wconf 75' lang='lat' dir='ltr'><strong>arroteritatem</strong></span> <span class='ocrx_word' id='word_1_275' title='bbox 1070 3305 1260 3382; x_wconf 85' lang='lat' dir='ltr'><strong>excutiam,</strong></span> <span class='ocrx_word' id='word_1_276' title='bbox 1290 3311 1329 3363; x_wconf 94' lang='lat' dir='ltr'><strong>ut</strong></span> 
     </span>
     <span class='ocr_line' id='line_1_31' title="bbox 156 3398 1329 3483; baseline -0.003 -20"><span class='ocrx_word' id='word_1_277' title='bbox 156 3405 299 3483; x_wconf 90' lang='lat' dir='ltr'><strong>quinam</strong></span> <span class='ocrx_word' id='word_1_278' title='bbox 323 3398 408 3459; x_wconf 92' lang='lat' dir='ltr'><strong>libri</strong></span> <span class='ocrx_word' id='word_1_279' title='bbox 426 3418 490 3480; x_wconf 93' lang='lat' dir='ltr'><strong>pro</strong></span> <span class='ocrx_word' id='word_1_280' title='bbox 514 3400 743 3460; x_wconf 83' lang='lat' dir='ltr'><strong>fundamento</strong></span> <span class='ocrx_word' id='word_1_281' title='bbox 763 3402 872 3460; x_wconf 89' lang='lat' dir='ltr'><strong>crisis</strong></span> <span class='ocrx_word' id='word_1_282' title='bbox 891 3401 1150 3482; x_wconf 86' lang='lat' dir='ltr'><strong>Propertianae</strong></span> <span class='ocrx_word' id='word_1_283' title='bbox 1175 3399 1329 3461; x_wconf 91' lang='lat' dir='ltr'><strong>babendi</strong></span> 
     </span>
     <span class='ocr_line' id='line_1_32' title="bbox 157 3498 857 3580; baseline -0.006 -18"><span class='ocrx_word' id='word_1_284' title='bbox 157 3505 245 3580; x_wconf 82' lang='lat' dir='ltr'><strong>sint,</strong></span> <span class='ocrx_word' id='word_1_285' title='bbox 268 3501 303 3558; x_wconf 89' lang='lat' dir='ltr'><strong>in</strong></span> <span class='ocrx_word' id='word_1_286' title='bbox 327 3499 400 3559; x_wconf 90' lang='lat' dir='ltr'><strong>line</strong></span> <span class='ocrx_word' id='word_1_287' title='bbox 422 3498 683 3578; x_wconf 83' lang='lat' dir='ltr'><strong>disputationis</strong></span> <span class='ocrx_word' id='word_1_288' title='bbox 708 3498 857 3559; x_wconf 91' lang='lat' dir='ltr'><strong>eluceat.</strong></span> 
     </span>
    </p>
   </div>
   <div class='ocr_carea' id='block_1_11' title="bbox 458 3729 1031 3895">
    <p class='ocr_par' dir='ltr' id='par_1_12' title="bbox 458 3729 1031 3895">
     <span class='ocr_line' id='line_1_33' title="bbox 458 3729 1031 3895; baseline 0.002 -53"><span class='ocrx_word' id='word_1_289' title='bbox 458 3779 483 3842; x_wconf 89' lang='lat'><strong>1.</strong></span> <span class='ocrx_word' id='word_1_290' title='bbox 519 3729 706 3895; x_wconf 33' lang='lat' dir='ltr'><strong>osidius</strong></span> <span class='ocrx_word' id='word_1_291' title='bbox 730 3777 942 3844; x_wconf 76' lang='lat' dir='ltr'><strong>ramulas</strong></span> <span class='ocrx_word' id='word_1_292' title='bbox 966 3779 1031 3844; x_wconf 79' lang='lat' dir='ltr'><strong>uu.</strong></span> 
     </span>
    </p>
   </div>
   <div class='ocr_carea' id='block_1_12' title="bbox 158 3918 1328 4204">
    <p class='ocr_par' dir='ltr' id='par_1_13' title="bbox 158 3918 1328 4204">
     <span class='ocr_line' id='line_1_34' title="bbox 248 3918 1327 4006; baseline 0 -20"><span class='ocrx_word' id='word_1_293' title='bbox 248 3925 276 3988; x_wconf 89' lang='lat'><strong>1.</strong></span> <span class='ocrx_word' id='word_1_294' title='bbox 300 3921 401 4006; x_wconf 82' lang='lat' dir='ltr'>(A)FN</span> <span class='ocrx_word' id='word_1_295' title='bbox 421 3944 545 3986; x_wconf 91' lang='lat' dir='ltr'><strong>uerum</strong></span> <span class='ocrx_word' id='word_1_296' title='bbox 565 3918 808 3992; x_wconf 60' lang='lat' dir='ltr'><strong>stiwauerunt</strong></span> <span class='ocrx_word' id='word_1_297' title='bbox 826 3944 910 4004; x_wconf 92' lang='lat' dir='ltr'><strong>prae</strong></span> <span class='ocrx_word' id='word_1_298' title='bbox 931 3926 978 3986; x_wconf 86' lang='lat' dir='ltr'><strong>DV</strong></span> <span class='ocrx_word' id='word_1_299' title='bbox 997 3927 1229 4004; x_wconf 85' lang='lat' dir='ltr'><strong>grauioribus</strong></span> <span class='ocrx_word' id='word_1_300' title='bbox 1249 3946 1327 3988; x_wconf 90' lang='lat' dir='ltr'><strong>cor·</strong></span> 
     </span>
     <span class='ocr_line' id='line_1_35' title="bbox 158 4002 1327 4106; baseline 0.001 -21"><span class='ocrx_word' id='word_1_301' title='bbox 158 4025 313 4105; x_wconf 89' lang='lat' dir='ltr'><strong>ruptelis</strong></span> <span class='ocrx_word' id='word_1_302' title='bbox 341 4031 402 4082; x_wconf 91' lang='lat' dir='ltr'><strong>aut</strong></span> <span class='ocrx_word' id='word_1_303' title='bbox 429 4002 777 4102; x_wconf 68' lang='lat' dir='ltr'><strong>interpolatiunibus</strong></span> <span class='ocrx_word' id='word_1_304' title='bbox 802 4019 1051 4106; x_wconf 80' lang='lat' dir='ltr'><strong>deformatis.¹)</strong></span> <span class='ocrx_word' id='word_1_305' title='bbox 1096 4025 1255 4104; x_wconf 79' lang='lat' dir='ltr'><strong>Amplioris</strong></span> <span class='ocrx_word' id='word_1_306' title='bbox 1280 4044 1327 4086; x_wconf 82' lang='lat' dir='ltr'><strong>ex-</strong></span> 
     </span>
     <span class='ocr_line' id='line_1_36' title="bbox 158 4115 1328 4204; baseline 0 -21"><span class='ocrx_word' id='word_1_307' title='bbox 158 4125 313 4202; x_wconf 90' lang='lat' dir='ltr'><strong>positionis</strong></span> <span class='ocrx_word' id='word_1_308' title='bbox 332 4139 391 4181; x_wconf 94' lang='lat' dir='ltr'><strong>non</strong></span> <span class='ocrx_word' id='word_1_309' title='bbox 411 4121 544 4200; x_wconf 87' lang='lat' dir='ltr'><strong>indigent</strong></span> <span class='ocrx_word' id='word_1_310' title='bbox 562 4121 593 4180; x_wconf 91' lang='lat' dir='ltr'><strong>hi</strong></span> <span class='ocrx_word' id='word_1_311' title='bbox 611 4115 713 4203; x_wconf 76' lang='lat' dir='ltr'><strong>loci:²)</strong></span> <span class='ocrx_word' id='word_1_312' title='bbox 733 4120 790 4202; x_wconf 86' lang='lat'><strong>11,</strong></span> <span class='ocrx_word' id='word_1_313' title='bbox 807 4119 824 4182; x_wconf 83' lang='lat'><strong>7</strong></span> <span class='ocrx_word' id='word_1_314' title='bbox 844 4116 943 4203; x_wconf 82' lang='lat' dir='ltr'><strong>(annis</strong></span> <span class='ocrx_word' id='word_1_315' title='bbox 959 4116 1009 4203; x_wconf 78' lang='lat' dir='ltr'><strong>A);</strong></span> <span class='ocrx_word' id='word_1_316' title='bbox 1029 4120 1059 4204; x_wconf 86' lang='lat'><strong>3,</strong></span> <span class='ocrx_word' id='word_1_317' title='bbox 1073 4120 1116 4183; x_wconf 87' lang='grc'><strong>43</strong></span> <span class='ocrx_word' id='word_1_318' title='bbox 1136 4115 1328 4204; x_wconf 84' lang='lat' dir='ltr'><strong>(querebar);</strong></span> 
     </span>
    </p>
   </div>
   <div class='ocr_carea' id='block_1_13' title="bbox 160 4318 1327 4549">
    <p class='ocr_par' dir='ltr' id='par_1_14' title="bbox 160 4318 1327 4549">
     <span class='ocr_line' id='line_1_37' title="bbox 231 4318 1327 4388; baseline -0.001 -15"><span class='ocrx_word' id='word_1_319' title='bbox 231 4321 257 4388; x_wconf 91' lang='lat' dir='ltr'><strong>l)</strong></span> <span class='ocrx_word' id='word_1_320' title='bbox 277 4319 344 4374; x_wconf 87' lang='lat' dir='ltr'><strong>lude</strong></span> <span class='ocrx_word' id='word_1_321' title='bbox 362 4335 380 4372; x_wconf 80' lang='lat' dir='ltr'><strong>o</strong></span> <span class='ocrx_word' id='word_1_322' title='bbox 397 4318 423 4372; x_wconf 94' lang='lat' dir='ltr'><strong>II</strong></span> <span class='ocrx_word' id='word_1_323' title='bbox 444 4325 467 4386; x_wconf 90' lang='lat'><strong>1,</strong></span> <span class='ocrx_word' id='word_1_324' title='bbox 482 4325 515 4373; x_wconf 87' lang='grc'><strong>63</strong></span> <span class='ocrx_word' id='word_1_325' title='bbox 540 4319 643 4375; x_wconf 78' lang='lat' dir='ltr'><strong>desinit</strong></span> <span class='ocrx_word' id='word_1_326' title='bbox 661 4318 698 4388; x_wconf 84' lang='lat' dir='ltr'><strong>A,</strong></span> <span class='ocrx_word' id='word_1_327' title='bbox 721 4322 753 4373; x_wconf 83' lang='lat' dir='ltr'><strong>ub</strong></span> <span class='ocrx_word' id='word_1_328' title='bbox 772 4319 794 4371; x_wconf 83' lang='lat' dir='ltr'>F</span> <span class='ocrx_word' id='word_1_329' title='bbox 813 4338 883 4374; x_wconf 87' lang='lat' dir='ltr'><strong>unus</strong></span> <span class='ocrx_word' id='word_1_330' title='bbox 902 4320 1036 4388; x_wconf 55' lang='lat' dir='ltr'><strong>supersim</strong></span> <span class='ocrx_word' id='word_1_331' title='bbox 1059 4321 1165 4375; x_wconf 78' lang='lat' dir='ltr'><strong>indicet</strong></span> <span class='ocrx_word' id='word_1_332' title='bbox 1188 4322 1281 4374; x_wconf 83' lang='lat' dir='ltr'><strong>autem</strong></span> <span class='ocrx_word' id='word_1_333' title='bbox 1299 4319 1327 4372; x_wconf 88' lang='lat' dir='ltr'>N</span> 
     </span>
     <span class='ocr_line' id='line_1_38' title="bbox 160 4399 1327 4467; baseline 0 -13"><span class='ocrx_word' id='word_1_334' title='bbox 160 4417 296 4456; x_wconf 81' lang='lat' dir='ltr'><strong>consensu</strong></span> <span class='ocrx_word' id='word_1_335' title='bbox 318 4417 379 4466; x_wconf 83' lang='lat' dir='ltr'><strong>suo,</strong></span> <span class='ocrx_word' id='word_1_336' title='bbox 405 4416 544 4467; x_wconf 76' lang='lat' dir='ltr'><strong>quaenam</strong></span> <span class='ocrx_word' id='word_1_337' title='bbox 560 4401 701 4456; x_wconf 71' lang='lat' dir='ltr'><strong>&#39;lectiones</strong></span> <span class='ocrx_word' id='word_1_338' title='bbox 725 4399 762 4454; x_wconf 83' lang='lat' dir='ltr'><strong>ed</strong></span> <span class='ocrx_word' id='word_1_339' title='bbox 785 4415 960 4454; x_wconf 87' lang='lat' dir='ltr'><strong>communem</strong></span> <span class='ocrx_word' id='word_1_340' title='bbox 983 4400 1096 4456; x_wconf 86' lang='lat' dir='ltr'><strong>illorum</strong></span> <span class='ocrx_word' id='word_1_341' title='bbox 1121 4400 1200 4455; x_wconf 90' lang='lat' dir='ltr'><strong>codd.</strong></span> <span class='ocrx_word' id='word_1_342' title='bbox 1219 4399 1327 4454; x_wconf 83' lang='lat' dir='ltr'><strong>fontem</strong></span> 
     </span>
     <span class='ocr_line' id='line_1_39' title="bbox 160 4479 1085 4549; baseline 0.002 -15"><span class='ocrx_word' id='word_1_343' title='bbox 160 4481 283 4535; x_wconf 82' lang='lat' dir='ltr'><strong>redeant.</strong></span> <span class='ocrx_word' id='word_1_344' title='bbox 303 4512 337 4522; x_wconf 89' lang='lat'><em>-</em></span> <span class='ocrx_word' id='word_1_345' title='bbox 356 4482 383 4549; x_wconf 81' lang='lat'><strong>2)</strong></span> <span class='ocrx_word' id='word_1_346' title='bbox 403 4479 510 4548; x_wconf 86' lang='lat' dir='ltr'><strong>Sequor</strong></span> <span class='ocrx_word' id='word_1_347' title='bbox 529 4480 726 4538; x_wconf 82' lang='lat' dir='ltr'><strong>Baehrensium</strong></span> <span class='ocrx_word' id='word_1_348' title='bbox 745 4479 776 4534; x_wconf 91' lang='lat' dir='ltr'><strong>in</strong></span> <span class='ocrx_word' id='word_1_349' title='bbox 792 4479 863 4535; x_wconf 84' lang='lat' dir='ltr'><strong>loeis</strong></span> <span class='ocrx_word' id='word_1_350' title='bbox 882 4483 1085 4539; x_wconf 80' lang='lat' dir='ltr'><strong>enumerandis.</strong></span> 
     </span>
    </p>
   </div>
   <div class='ocr_carea' id='block_1_14' title="bbox 0 0 1547 5042">
    <p class='ocr_par' dir='ltr' id='par_1_15' title="bbox 0 0 1547 5042">
     <span class='ocr_line' id='line_1_40' title="bbox 0 0 1547 5042; baseline 0 0"><span class='ocrx_word' id='word_1_351' title='bbox 0 0 1547 5042; x_wconf 95' lang='lat' dir='ltr'><strong> </strong></span> 
     </span>
    </p>
   </div>
  </div>
 </body>
</html>
