3067 5042
719 373 959 438 -192-

468 532 517 592 Sio
540 533 657 616 hospes,
683 523 834 614 patriaebe
858 547 908 601 tua
932 540 1034 618 regina
1057 539 1113 600 sub
1136 540 1212 620 aula,

513 630 631 692 —llos
655 632 709 692 tibi
734 652 792 694 non
815 634 936 698 humilis
958 637 1075 715 prodita
1098 637 1190 698 Roma
1214 642 1296 699 uenit
1322 673 1360 682 —

254 735 333 814 quod
357 739 407 797 uix
431 739 588 816 quisquam
611 740 756 819 probabit.
804 741 948 806 Friderioi
970 745 1031 806 Leo
1054 749 1225 809 coniectura
1254 741 1297 804 ‘Si
1326 765 1428 806 comes

252 829 440 915 accipiarue',
464 855 641 916 quamquam
666 843 765 901 sensui
790 840 868 902 band
887 844 963 904 male
982 846 1131 918 conuenit,
1156 854 1253 904 tamen
1277 864 1292 904 a
1317 844 1427 905 litteris

253 934 368 994 traditis
400 936 488 994 nimis
519 944 564 995 est
596 937 735 998 uiolenta.
782 938 884 1018 ltaque
917 960 985 1002 cum
1017 942 1145 1002 familiae
1178 941 1233 1002 NF
1267 943 1427 1021 scripturis

252 1049 324 1091 uera
339 1031 388 1092 lux
402 1034 506 1093 uersui
521 1033 605 1094 reddi
620 1046 755 1117 nequeat,
779 1055 848 1098 cum
862 1038 1043 1101 Raebrensio
1061 1040 1205 1101 librorum
1219 1039 1273 1098 DV
1288 1034 1426 1119 ‘patiare’

252 1133 414 1208 genuinum
438 1130 546 1191 babere
572 1150 629 1192 non
655 1131 765 1198 dubito.
809 1134 866 1196 Sed
891 1156 927 1197 ne
953 1138 1025 1198 mihi
1048 1138 1171 1198 obicias:
1198 1141 1427 1200 usitatissimum

252 1228 382 1306 patiendi
406 1227 533 1289 uerbum
558 1247 617 1290 non
640 1229 721 1290 abire
745 1235 879 1310 potuisse
903 1236 933 1292 in
958 1220 1135 1314 ‘patriamne'
1161 1234 1208 1295 uel
1232 1231 1429 1317 ‘patrianne',

253 1326 309 1385 lroc
336 1325 415 1386 idern
445 1329 533 1387 etiam
561 1329 653 1404 magis
681 1328 759 1388 ualet
782 1348 818 1388 ex
841 1349 884 1409 gr.
908 1333 939 1390 in
963 1335 1163 1392 coniecturam
1189 1331 1332 1392 Friderici
1356 1332 1428 1412 Leo,

253 1442 328 1502 quae
348 1431 394 1484 est
412 1419 617 1506 ‘accipiarue'3
637 1444 691 1485 nec
711 1426 837 1488 multum
852 1426 950 1487 differt
970 1423 1105 1506 ‘patiare'
1124 1448 1140 1487 a
1156 1425 1299 1506 ‘parione'
1319 1429 1427 1490 lineola

252 1521 394 1599 neglecta.
437 1522 590 1592 Quomodo
619 1531 716 1584 autem
745 1532 827 1585 totus
856 1543 883 1584 u.
907 1526 936 1583 in
965 1527 1113 1603 integrum
1142 1527 1348 1586 restituendus
1377 1530 1426 1606 sit,

253 1637 290 1678 ne
315 1638 394 1680 nunc
419 1620 539 1698 quidem
562 1620 634 1680 mihi
658 1630 782 1682 constat.
818 1622 957 1683 Fortasse
976 1641 1036 1683 non
1059 1622 1185 1684 multum
1204 1643 1220 1682 a
1239 1641 1312 1682 uero
1332 1622 1431 1704 abest,

253 1718 332 1795 quod
357 1720 476 1797 scripsit
500 1717 712 1778 Raebrensius:

466 1825 527 1884 Sim
552 1843 673 1903 compar
696 1827 818 1905 patiare,
842 1835 890 1887 tua
914 1830 1017 1906 regina
1041 1827 1097 1888 sub
1120 1827 1194 1888 aula.

264 1912 306 1994 s
342 1958 364 2017 V
389 1958 486 2018 solus
509 1977 634 2019 uerum
659 1960 822 2018 seruauit
845 1958 885 2018 lll
904 1964 934 2038 3,
952 1957 1009 2020 42:

466 2065 513 2125 Nil
536 2064 590 2124 tibi
614 2066 654 2124 sit
677 2082 767 2124 rauco
790 2067 948 2143 praeconia
975 2065 1097 2126 classica
1120 2085 1212 2127 cornu

511 2161 595 2223 Flore
619 2180 675 2223 nee
697 2161 825 2221 Aonium
849 2165 995 2242 cingere
1018 2163 1110 2225 Marte
1134 2182 1247 2224 nemus.

253 2270 305 2331 llis
333 2269 435 2330 uerbis
464 2268 592 2348 Calliope
622 2277 739 2347 poetam
767 2268 917 2350 hortatur,
945 2278 978 2329 ut
1005 2273 1083 2330 intra
1110 2266 1259 2347 angustos*
1281 2270 1427 2348 elegiacae

254 2371 353 2446 poesis
381 2368 454 2427 lines
483 2375 623 2427 uersatur
651 2385 726 2427 neue
755 2364 792 2424 ad
824 2367 900 2427 bella
928 2369 1058 2427 carmine
1087 2368 1173 2444 epico
1201 2367 1332 2426 canenda
1360 2387 1427 2428 sese

254 2467 399 2543 accingat,
422 2481 510 2542 quam
535 2466 711 2524 sententiam
735 2465 776 2523 ita
800 2467 953 2545 exprimit,
977 2474 1011 2526 ιιι
1033 2466 1163 2543 primum
1187 2482 1279 2524 curru
1299 2463 1425 2526 Veneris

253 2583 268 2622 a
292 2563 393 2642 cycnis
416 2570 512 2622 tracto
536 2564 650 2621 uectari
673 2580 740 2621 eum
764 2560 878 2638 iubeat,
905 2561 987 2642 dein,
1014 2580 1052 2620 ne
1076 2564 1115 2621 sit
1139 2561 1275 2644 bellator,
1301 2570 1426 2623 moneat.

253 2662 348 2738 Atque
372 2677 400 2718 u.
415 2655 458 2718 42
474 2657 570 2718 ¹babet
589 2657 613 2715 V
632 2660 767 2739 cingere,
789 2657 873 2717 NDF
891 2654 1066 2738 ting(u)ere.
1109 2659 1242 2729 Quarum
1264 2660 1426 2720 lectionum

253 2775 429 2838 quamquam
459 2764 586 2835 utraque
614 2756 650 2816 ad
679 2757 856 2816 sententiam
884 2755 971 2816 modo
998 2755 1114 2817 allatam
1141 2760 1254 2835 pariter
1280 2766 1347 2835 apta
1371 2765 1427 2837 est,

253 2859 319 2917 iure
342 2863 441 2916 tamen
464 2853 675 2932 Hertzbergius
704 2857 835 2933 priorem
863 2855 1030 2916 defendisse
1059 2855 1131 2915 mihi
1160 2856 1287 2915 uidetur.
1334 2853 1427 2914 Nimis

254 2957 333 3015 enim
357 2961 446 3013 tenue
470 2951 604 3029 tingendi
627 2951 753 3011 uerbum
778 2961 823 3013 cst
846 2954 877 3012 in
901 2972 934 3013 re
958 2961 1017 3014 tam
1042 2956 1150 3031 atroci,
1179 2971 1247 3011 cum
1271 2951 1307 3012 de
1331 2953 1426 3032 gladio

252 3052 302 3113 uel
322 3060 406 3112 ueste
425 3049 473 3111 uel
493 3048 557 3109 aliis
564 3052 677 3130 paruis
696 3049 788 3111 rebus
806 3057 888 3110 recte
908 3051 1037 3131 dicatur3
1060 3051 1096 3110 ci.
1112 3068 1140 3108 u.
1156 3045 1294 3108 32u1v
1312 3048 1427 3131 1‚111;

253 3148 284 3230 4,
303 3147 354 3210 24.
397 3148 438 3208 De
467 3165 587 3208 nemore
617 3149 715 3226 potius
743 3148 902 3209 dicendum
931 3157 994 3208 erat
1017 3142 1164 3226 ‘implere’
1189 3146 1237 3206 uel
1260 3146 1318 3206 tale
1343 3148 1426 3227 quid3
1530 3136 1532 3141 ’

254 3247 291 3308 cl.
306 3267 334 3306 u.
349 3243 406 3307 45:
424 3245 565 3324 perlusus
581 3247 723 3325 sanguine
739 3245 871 3306 Rhenus.
899 3245 1025 3325 Cingere
1042 3252 1141 3305 antem
1156 3244 1307 3304 Musarum
1322 3263 1426 3306 nemus

255 3342 347 3402 Marte
372 3345 390 3402 i.
410 3363 434 3403 e.
459 3341 660 3422 bellatoribus,
685 3342 761 3403 bello
785 3343 926 3405 translate
950 3343 1038 3424 ualet,
1062 3351 1095 3403 ut
1117 3340 1302 3421 Hertzbergii
1325 3343 1426 3403 uerbis

254 3448 331 3521 utar,
354 3459 435 3500 arma
458 3447 489 3500 et
511 3439 621 3500 bellum
645 3443 742 3520 ip‘sum
765 3443 797 3500 in
820 3443 924 3520 poesin
948 3441 1068 3503 inlerre.
1106 3439 1246 3500 Ceterum
1267 3442 1297 3499 in
1321 3439 1425 3499 litteris

255 3547 314 3599 tarn
334 3537 488 3619 ambiguis
508 3537 610 3616 quales
630 3540 689 3599 sint
708 3547 720 3598 t
739 3547 769 3599 et
788 3558 813 3620 c,
836 3538 910 3598 nihil
929 3539 991 3598 lere
1010 3539 1151 3616 ponderis
1172 3536 1281 3596 babere
1301 3536 1427 3618 codices,

255 3636 306 3696 sed
330 3639 589 3718 interpretatione,
617 3637 765 3716 quomodo
794 3636 951 3715 legendum
980 3636 1031 3715 sit,
1059 3632 1223 3694 eruendum
1251 3649 1317 3690 esse
1345 3645 1424 3693 recte

254 3732 303 3794 ille
327 3733 415 3794 addit.
1018 3753 1022 3761 ’

218 3829 296 3900 Viti
322 3838 372 3920 13,
395 3838 450 3901 27:
483 3840 545 3901 lllis
569 3860 677 3903 munus
699 3847 803 3902 erant
826 3840 950 3901 decussa
972 3837 1101 3918 Cydonia
1124 3857 1215 3920 ramo,

485 3999 487 4002 .
526 3939 564 4000 Et
587 3939 656 4000 dare
680 3940 816 4018 puniceis
840 3937 926 4016 plena
950 3939 1078 3997 canistra
1099 3937 1183 3998 rubis
1206 3957 1267 4017 eqs.

256 4044 298 4106 lta
318 4045 352 4106 N.
371 4039 450 4107 Talis
470 4053 637 4107 structurae
661 4047 784 4106 mutatio
804 4044 924 4104 delendi
943 4052 1041 4123 potest
1059 4045 1210 4126 exemplis,
1229 4043 1325 4122 qualia
1345 4050 1424 4104 sunt:
1525 4117 1526 4133 ἶ

220 4149 449 4234 o'15‚19sqq.
473 4153 548 4214 Tum
572 4171 663 4232 graue
687 4154 844 4212 seruitium
869 4160 986 4212 nostrae
1010 4171 1116 4231 cogere
1139 4151 1254 4231 puellae

514 4251 644 4331 Discere,
667 4258 697 4310 et
720 4249 874 4311 exclusum
899 4250 970 4328 quid
994 4252 1033 4310 sit
1056 4249 1136 4310 abire
1160 4249 1293 4326 domum3

470 4348 530 4409 Nec
554 4352 611 4409 iarn
634 4349 777 4428 pallorem
800 4351 909 4410 totiens
933 4348 1079 4409 mirabere
1103 4354 1247 4423 nostrum,

514 4446 572 4507 Aut
595 4466 649 4508 cur
672 4450 727 4507 sim
751 4455 814 4508 toto
838 4466 962 4525 corpore
987 4445 1085 4506 nullus
1108 4462 1171 4522 ego.
