3067 5042
555 423 795 488 -169-

79 592 146 652 Sed
179 589 249 650 milri
279 589 445 651 litterarum
475 588 636 650 similitudo
663 587 712 648 hic
741 588 861 648 omnino
890 606 948 648 non
977 587 1106 648 curanda
1133 589 1263 670 uidetur,

78 691 158 768 qrria
180 685 253 749 illud
277 682 463 748 ‘monstrata'
486 686 570 767 lapsu
589 686 711 767 librarii,
735 689 783 746 cui
803 681 968 747 ‘monstris’
988 688 1138 747 inruente
1160 687 1263 747 baere-

77 787 151 866 bat,
176 795 274 848 ortum
298 805 363 847 esse
392 788 456 847 ueri
485 793 531 846 est
559 784 747 846 simillimum.
795 783 873 844 Nihil
902 787 992 864 igitur
1021 793 1079 865 est,
1108 783 1167 844 cur'
1189 783 1263 846 Nea·
1360 822 1361 827 κ

79 886 220 966 politano
244 885 387 958 honorem
412 883 610 945 detrahamus.
640 939 644 950 ,

53 977 58 1003 1

52 986 106 1087 sss
137 1025 190 1107 34,
217 1023 247 1088 l:
316 1025 376 1087 Gur
401 1029 557 1116 quisquam
582 1027 686 1087 faciem
710 1025 845 1086 dominae
869 1027 926 1084 iam
950 1024 1046 1085 credit
1068 1023 1185 1086 amico?

78 1169 230 1231 Codicum
254 1162 358 1227 F¹DV¹
382 1167 469 1227 lectio
489 1163 560 1227 ‘non
581 1161 696 1247 credit',
719 1167 744 1226 si
764 1184 831 1226 cum
851 1164 1031 1226 liaebrensio
1049 1153 1121 1227 illud
1148 1163 1264 1229 ‘amori'
1379 1156 1383 1165 ⁸

78 1268 120 1328 ab
150 1265 288 1327 omnibus
312 1265 396 1325 libris
420 1264 583 1350 exhibitum
607 1267 771 1326 mutareris
794 1267 825 1324 in
850 1259 974 1344 ‘amari’,
1003 1265 1081 1342 qarod
1110 1266 1195 1326 facile
1224 1269 1265 1348 lit,

80 1365 168 1426 haud
192 1367 291 1442 inepta
313 1365 411 1442 primo
436 1354 542 1424 obtutu
566 1337 620 1423 libi
644 1362 803 1443 uidebitur,
827 1380 896 1422 eum
915 1380 1022 1422 sensus
1045 1363 1093 1422 hic
1112 1365 1166 1424 sit:
1190 1364 1263 1424 adeo

80 1481 162 1524 caue
193 1463 280 1522 nimis
309 1461 448 1522 credulus
477 1463 591 1521 seueris
619 1460 744 1520 aliorum
776 1459 925 1522 frontibus
954 1454 997 1542 (u.
1023 1455 1080 1543 23)
1113 1462 1265 1523 existimes

80 1563 238 1624 dominam
266 1569 345 1620 tuam
375 1579 391 1618 a
420 1567 448 1620 te
478 1559 540 1619 solo
566 1549 672 1638 amari,
701 1567 733 1618 ut
763 1576 882 1637 semper
908 1559 963 1621 tibi
992 1560 1171 1638 persuadeas
1201 1579 1264 1620 eam

81 1663 179 1720 etiam
203 1657 239 1717 ab
265 1657 328 1717 aliis
353 1659 450 1736 expeti
474 1665 562 1736 atque
587 1659 765 1743 concupisci.
804 1657 862 1717 Sed
887 1660 1054 1718 accuratius
1078 1658 1175 1718 locum
1194 1677 1264 1718 con-

80 1759 197 1835 sidera,
221 1755 337 1815 uidebis
362 1757 449 1815 nimis
473 1773 576 1833 uagam
601 1774 666 1814 esse
689 1754 769 1815 illam
791 1754 972 1816 locutionem
991 1773 1046 1815 nec
1066 1758 1136 1816 satis
1161 1759 1264 1817 uersui

79 1855 102 1916 3
133 1848 186 1938 (cl.
212 1855 301 1914 etiam
324 1872 352 1912 u.
380 1846 435 1934 10)
460 1855 637 1934 conuenire,
665 1855 774 1932 quippe
804 1855 855 1930 qui
884 1852 1025 1912 credendi
1058 1852 1183 1913 uerbum
1216 1853 1263 1914 bic

81 1953 190 2014 ualere
215 1946 456 2011 ‘custodiendum
479 1946 609 2011 tradere⁷
633 1951 757 2031 indicet,
784 1969 859 2029 quae
883 1951 1057 2029 significatio
1080 1948 1265 2030 Neapolitani

80 2053 255 2128 scripturae
281 2044 350 2109 ‘iarn
370 2043 485 2108 credat'
504 2047 615 2108 subest.
654 2048 712 2108 Sed
732 2048 869 2109 nondum.
883 2066 973 2108 sanus
991 2057 1037 2108 est
1057 2067 1172 2127 uersus,
1196 2067 1264 2109 cum

81 2168 125 2209 ne
146 2166 226 2208 nunc
247 2146 367 2225 quidem
383 2141 499 2206 ‘amori'
520 2146 591 2205 ferri
610 2148 713 2225 possit.
750 2145 804 2204 Vix
824 2148 903 2206 enim
922 2164 1001 2206 nunc
1021 2149 1176 2225 quisquam
1197 2166 1266 2208 cum

81 2247 260 2308 Burmanno
284 2246 372 2305 deum
397 2244 534 2304 Amorem
559 2243 606 2304 hic
630 2243 861 2321 intellegendum
886 2243 997 2324 credet,
1020 2244 1055 2302 ad
1080 2261 1168 2322 quem
1192 2263 1220 2303 u.
1244 2241 1265 2306 5

81 2350 216 2424 spectet,
239 2361 294 2402 nec
313 2341 498 2420 Hertzbergii
521 2360 614 2421 nugas
633 2340 846 2421 comprobabit,
871 2343 922 2420 qui
946 2336 1050 2401 ‘amori
1069 2336 1176 2402 credit’
1200 2362 1265 2402 esse

83 2438 236 2522 ‘periculo
261 2442 288 2500 ei
312 2443 445 2521 exponit,
474 2448 507 2500 ut
532 2441 630 2520 expeti
653 2447 683 2499 et
706 2439 836 2500 adamari
859 2437 895 2498 ab
922 2439 986 2499 aliis
1014 2435 1129 2519 possit’,
1157 2440 1265 2499 docere

85 2542 202 2600 frustra
228 2539 336 2599 studet.
373 2538 452 2598 Nihil
475 2540 577 2618 igitur.
595 2545 701 2620 restat,
729 2557 818 2617 quam
846 2546 880 2598 ut
902 2537 1039 2598 Beroaldi
1066 2547 1265 2599 commentum

85 2632 220 2717 ‘amico',
244 2637 322 2716 quod
348 2638 435 2698 etiarn
459 2635 490 2696 L.
510 2637 671 2698 Muellerus
691 2645 721 2698 et
744 2636 898 2697 Palmerus
921 2644 1109 2717 receperunt,
1134 2636 1267 2716 arripias.

85 2735 225 2814 Denique
249 2735 324 2795 addo
350 2753 395 2795 mc
419 2735 614 2796 indicatiuum
639 2730 766 2814 ‘credit',
795 2753 863 2795 cnm
891 2737 1033 2794 maiorem
1062 2737 1123 2794 nim
1152 2733 1266 2815 babeat,
1355 2794 1364 2815 ,

84 2835 283 2894 coniunctiuo
308 2827 469 2892 anteferre.¹
493 2866 528 2873 —
557 2832 722 2892 Subdubito
747 2831 783 2890 de
807 2831 834 2889 ll
861 2829 909 2910 18,
930 2830 1037 2909 21sq.:

270 2973 347 3042 Quin
372 2990 425 3050 ego
450 2973 588 3034 deminuo
613 2989 728 3050 curam,
753 2970 832 3049 quod
857 2989 944 3049 saepe
969 2971 1083 3050 Cupido

313 3068 390 3144 Huic
414 3069 508 3129 malus
532 3087 597 3128 esse
622 3068 800 3148 solet,quoi
823 3068 919 3129 bonus
943 3077 1011 3129 ante
1034 3070 1099 3130 fuit.
1146 3073 1148 3075 ’

87 3217 133 3277 lta
155 3211 244 3290 uulgo
264 3210 400 3271 scribunt
419 3229 454 3270 ex
474 3205 596 3291 Nr2v23
620 3229 674 3270 nec
695 3229 764 3290 sane
785 3219 840 3292 est,
865 3211 942 3290 quod
962 3210 1172 3290 reprehendas.
1206 3211 1265 3272 Sed

87 3313 276 3392 reliquorum
305 3309 440 3369 codicum
465 3309 552 3369 lectio
577 3328 591 3369 a
616 3307 797 3369 Baehrensio
822 3316 956 3390 recepta,
985 3328 1059 3387 quae
1088 3317 1134 3369 est
1158 3305 1265 3370 ‘Nunc’

88 3421 121 3472 et
145 3412 208 3487 ipsa
233 3408 303 3467 lerri
327 3414 435 3487 potest,
459 3409 634 3487 praesertim
659 3405 726 3468 cum
750 3409 894 3468 orationis
916 3410 963 3468 uis
987 3410 1016 3467 in
1042 3427 1077 3468 eo
1101 3410 1195 3487 posita
1219 3411 1267 3489 sit,

89 3506 170 3590 quod
192 3505 281 3565 rimor
299 3505 387 3565 modo
411 3507 533 3584 iniquus
552 3506 638 3566 modo
658 3489 806 3585 propitius
825 3507 921 3566 eidem
940 3524 1006 3566 csse
1026 3506 1126 3566 soleat.
1167 3507 1267 3577 Quon-

90 3610 149 3666 iam
179 3612 278 3664 autem
306 3603 331 3662 N
355 3623 423 3665 curn
452 3597 531 3662 F²V²
560 3613 604 3664 tot
632 3605 704 3664 locis
732 3607 890 3683 genuinam
919 3606 1098 3683 scripturam
1126 3607 1267 3684 seruauit,

91 3723 130 3763 ne
154 3702 203 3763 bic
227 3702 347 3781 quidem
371 3702 407 3762 ab
431 3720 466 3762 eo
491 3702 690 3764 recedendum
714 3721 780 3762 csse
805 3710 1037 3762 consentaneum
1060 3710 1114 3760 est.
1138 3735 1180 3743 -
1205 3701 1265 3762 Suo

91 3809 192 3862 autem
212 3802 337 3862 fortasse
356 3803 422 3861 iure
442 3801 650 3880 Baehrensius,
669 3802 720 3878 qrri
740 3818 862 3860 uersum
882 3800 1010 3879 scripsit,
1029 3807 1062 3859 ut
1081 3817 1171 3878 supra
1190 3799 1266 3880 dedi,

92 3901 243 3976 antiquam
267 3901 453 3977 pronominis
477 3899 594 3959 relatiui
619 3900 756 3979 sormam,
780 3916 855 3976 quiae
879 3905 924 3956 est
948 3891 1043 3974 ‘quoi'
1067 3915 1083 3955 e
1107 3895 1161 3954 DV
1186 3891 1266 3981 (qui)

92 3997 202 4058 elicuit.
248 3995 320 4056 Nam
350 3999 437 4056 etiam
466 3997 530 4056 aliis
558 3995 708 4056 nonnullis
732 3995 805 4055 locis
828 3995 858 4054 hi
882 3994 950 4054 libri
981 3993 1054 4054 tales
1082 3995 1193 4055 lormas
1216 4005 1267 4057 aut

93 4093 234 4155 exhibent
258 4103 308 4154 aut
331 4094 478 4174 indicant,
506 4094 589 4154 uelut
612 4094 625 4153 l
649 4092 700 4174 20,
720 4089 763 4154 45
787 4087 938 4173 (quoius),
966 4091 992 4150 ll
1017 4090 1046 4171 6,
1066 4089 1108 4152 26
1134 4086 1267 4174 (quoiuis

94 4201 125 4253 et
148 4191 292 4272 quotlibet
316 4192 353 4252 ci.
377 4211 404 4271 p.
427 4185 519 4274 172);
544 4189 595 4272 24,
614 4188 634 4252 3
654 4184 767 4275 (quoi)3
795 4185 907 4271 18,15
931 4182 1022 4272 (quae
1042 4189 1104 4270 DV,
1128 4193 1176 4252 cui
1200 4191 1266 4271 FN3

94 4293 147 4369 leg.
165 4283 263 4371 quoi);
290 4283 462 4375 23‚1(qur
485 4288 576 4371 DVN,
601 4292 649 4350 cui
673 4288 709 4370 F,
732 4289 787 4368 leg.
812 4282 910 4369 quoi);
935 4288 971 4348 oi.
995 4290 1084 4348 etiam
1107 4285 1266 4368 1113‚4i.

94 4389 135 4449 lta
160 4388 284 4447 lortasse
309 4386 348 4447 lll
372 4385 402 4468 8,
426 4384 467 4448 29
492 4386 650 4466 legendum
674 4394 720 4447 est
743 4381 857 4465 ‘quoru'
881 4379 955 4467 (quo
979 4384 1041 4467 DV,
1065 4405 1133 4446 eum
1157 4379 1234 4469 FN).
