3067 5042
684 417 923 482 *194-

218 581 296 660 quod
321 580 429 640 lamilia
453 580 504 639 DV
528 600 630 640 carere
659 580 739 640 nullo
768 581 856 641 modo
885 601 1056 662 possumus,
1084 585 1152 661 quia
1181 582 1258 642 baud
1289 586 1391 662 paucis

216 679 290 739 locis
319 698 423 740 uerum
449 698 506 739 nna
529 681 662 739 seruauit
685 673 761 758 (cap.
786 677 830 758 6).
872 679 913 738 lle
938 673 1020 761 (am
1044 689 1144 740 autem
1170 670 1299 759 qnodp.
1326 679 1387 741 161

218 778 355 857 diximus,
379 777 470 846 altera
490 776 698 856 disputationis
718 786 836 836 nostrae
857 787 940 856 parte
960 777 1109 839 stabilitur
1128 787 1216 857 atque
1236 780 1390 839 confirma-

219 884 281 934 tur:
306 874 414 936 nullam
435 875 507 935 haec
528 877 618 954 stirps
638 874 693 936 sibi
713 875 865 935 uindicare
884 883 983 953 potest
1001 878 1216 956 auctoritatem,
1240 879 1308 954 quia
1332 896 1392 936 non

219 972 313 1033 solum
337 991 445 1051 prauas
469 956 618 1033 lectiones*
631 992 804 1033 communes
828 973 916 1034 babet
935 993 1002 1033 catari
1021 973 1085 1034 aliis
1105 972 1258 1034 codicibus
1277 968 1354 1056 (cap.
1370 973 1392 1035 4

218 1079 247 1130 et
272 1065 316 1150 6),
340 1070 391 1130 sed
416 1073 504 1130 etiam
527 1069 619 1130 bonas
644 1065 720 1149 (cap.
744 1064 818 1153 5).¹)

306 1167 366 1228 lam
396 1177 428 1228 ut
455 1171 566 1248 omnia,
600 1187 674 1246 quae
708 1169 917 1249 disseruimus,
950 1171 1051 1248 paucis
1084 1171 1328 1252 complectamur,
1361 1175 1391 1233 in

218 1266 399 1326 aestimando
419 1267 554 1326 codicum
570 1265 833 1343 Propertianorum
853 1266 965 1327 honore
984 1287 1039 1328 nec
1053 1268 1266 1329 Raebrensinm
1287 1289 1392 1331 uerum

218 1365 329 1426 uidisse
359 1365 456 1424 elucet
485 1383 539 1427 nec
567 1363 754 1446 Brandtium,
784 1364 830 1424 Fr.
855 1364 928 1444 Leo,
957 1366 1037 1426 alios
1083 1367 1137 1428 nst
1164 1371 1242 1428 enim
1273 1367 1392 1429 illorum

218 1463 491 1544 praestantissimus
515 1460 734 1541 Neapolitanam,
758 1481 826 1522 cum
851 1481 909 1522 non
935 1461 1030 1523 solnm
1054 1464 1191 1524 familiam
1212 1464 1263 1524 AF
1282 1467 1391 1544 optime

219 1567 423 1642 repraesentet
451 1567 482 1620 et
510 1579 578 1620 cum
606 1561 658 1619 DV
687 1565 718 1621 in
751 1563 851 1622 multis
885 1563 1010 1620 siuceris
1042 1564 1200 1641 scripturis
1232 1566 1392 1641 conspiret,

218 1660 270 1721 sed
300 1662 387 1720 etiam
415 1657 493 1718 haud
522 1661 624 1738 paucis
653 1660 724 1719 locis
757 1678 863 1720 uerum
893 1659 973 1718 solus
1005 1655 1260 1739 perhibeat,'nec
1294 1669 1392 1721 tamen

218 1778 296 1819 unus
320 1756 505 1836 sequendus,
529 1759 597 1834 quia
621 1757 789 1834 complures
813 1759 843 1816 in
867 1775 903 1815 eo
927 1755 1032 1816 obuiae
1056 1764 1126 1817 stant
1149 1758 1393 1838 interpolationes

218 1857 413 1935 grauioraque
448 1854 560 1914 menda.
607 1853 740 1914 Alterum
774 1854 871 1915 locum
905 1855 971 1914 libri
1001 1855 1054 1914 uv
1083 1855 1231 1936 obtinent,
1265 1877 1392 1935 quorum

218 1955 379 2014 auctoritas
402 1971 436 2012 ea
459 1953 489 2012 in
513 1970 545 2012 re
570 1954 664 2031 pmita
688 1961 741 2032 ost,
766 1952 844 2030 quod
865 1952 1068 2032 compluribus
1081 1936 1169 2013 'locis
1186 1955 1241 2014 soli
1264 1937 1392 2032 genuina

216 2059 321 2130 poetae
350 2049 441 2109 uerba
471 2058 677 2110 seruauerunt.
724 2049 861 2110 Familiae
895 2058 993 2110 autem
1023 2049 1073 2108 AF
1102 2049 1246 2112 lectiones
1273 2062 1393 2131 praeter

218 2147 403 2228 corruptelas
432 2159 462 2207 et
489 2147 745 2228 interpolationes,
774 2149 811 2209 de
840 2147 949 2226 quibus
977 2167 1040 2226 cap.
1064 2145 1085 2208 2
1113 2148 1254 2230 diximus,
1286 2154 1393 2211 mixtae

220 2250 360 2309 uidentur
389 2245 426 2305 ab
453 2246 545 2306 altera
578 2253 661 2325 parte
693 2249 802 2326 exiis,
835 2264 909 2326 qrras
944 2248 1010 2304 lons
1043 2245 1227 2324 Neapolitani
1258 2252 1393 2329 proprias

219 2346 364 2424 babebat,¹
378 2343 414 2404 ab
438 2343 530 2404 altera
554 2363 569 2402 e
594 2347 753 2424 scripturis
777 2348 871 2423 patris
894 2344 1037 2405 librorum
1061 2325 1132 2425 lll',
1147 2364 1205 2424 quo
1224 2347 1266 2427 tit,
1290 2354 1323 2406 ut
1346 2346 1394 2407 illa

219 2443 303 2505 facile
328 2460 495 2521 careamus,
519 2443 689 2520 paucissimi
709 2445 788 2503 enim
812 2443 855 2502 illi
878 2443 944 2521 loci,
968 2443 1004 2502 de
1024 2442 1133 2521 quibus
1152 2442 1250 2522 cap3
1270 2448 1393 2526 egimus,

218 2541 329 2602 nullius
344 2542 485 2600 momenti
505 2540 627 2618 putandi
643 2549 719 2601 sunt.
758 2541 932 2601 Onrrribus
956 2543 1083 2621 igitur,
1106 2544 1166 2620 qui
1191 2543 1224 2601 in
1249 2562 1393 2604 censum

219 2642 383 2717 ueniunt,
411 2637 502 2697 locis
531 2641 698 2698 tractatis
723 2639 933 2698 enucleasse
967 2637 1068 2699 nobis
1092 2641 1256 2699 uidemur
1280 2643 1392 2700 crisin

218 2737 492 2815 Propertianam
523 2737 590 2794 niti
618 2735 853 2815 Neapolitano
883 2747 916 2797 et
945 2737 1078 2797 lamilia
1102 2736 1162 2796 DV.
1208 2737 1290 2806 Quae
1319 2740 1392 2797 ratio

219 2838 297 2895 inter
312 2853 414 2894 ornnes
435 2833 551 2894 codices
571 2835 745 2916 intercedat,
761 2842 796 2895 ut
814 2835 942 2896 dilucide
961 2844 1109 2915 appareat,
1124 2853 1238 2915 appono
1257 2844 1393 2896 stemma:

752 3064 861 3173 sb.

574 3171 752 3482 s
1023 3402 1041 3461 b

552 3483 639 3572 ss
783 3457 786 3460 ‘
937 3483 1012 3631 s
1316 3468 1336 3486 ’·

364 3573 551 3976 Ἀ
639 3560 938 3974 Ὺ
1138 3724 1230 3906 s

1207 3918 1254 3977 DV

294 4108 320 4176 1)
340 4108 447 4160 Tamen
462 4105 618 4160 afferendae
634 4105 713 4162 nobis
729 4107 809 4160 orant
822 4105 907 4160 eliam
921 4107 950 4160 ia
965 4107 1054 4162 altere
1068 4110 1149 4177 parte
1160 4109 1219 4162 eius
1233 4107 1394 4176 scripturae,

222 4190 262 4256 ub,
282 4186 348 4256 quid
368 4187 480 4242 omnino
499 4186 636 4240 traditum
654 4187 703 4255 sil,
727 4191 870 4257 appareat.
908 4188 970 4241 Vno
989 4188 1017 4256 l.,
1037 4188 1085 4256 qui
1104 4190 1147 4241 esi-
1165 4188 1191 4239 II
1210 4193 1254 4252 22,
1273 4193 1307 4242 50
1327 4189 1396 4257 (uid,

223 4287 250 4336 p.
273 4270 334 4336 180)
352 4266 418 4320 libri
436 4266 522 4335 ΜΠ)
542 4265 691 4322 lectionem
710 4267 880 4337 recepimus;
904 4268 953 4322 sed
973 4267 1110 4322 leuissimi
1127 4285 1172 4321 res
1191 4271 1233 4321 est
1252 4268 1394 4322 momenti.
