3067 5042
568 421 914 506 --145-v

104 583 632 664 5555555555555555515551551
662 589 713 666 sit,
740 586 898 664 Propertio
925 584 1057 646 tribuere
1085 589 1135 646 uix
1163 589 1275 668 ausim3

105 682 257 760 uulgarem
280 684 371 760 igitur
396 686 575 762 scripturam
598 693 722 745 renoco.¹

66 768 128 866 usn
153 804 204 888 32,
229 804 271 866 29
314 806 366 866 Sin
391 816 489 868 autem
513 807 600 887 longo
625 827 682 868 nox
706 828 764 868 una
788 819 839 869 aut
862 809 953 870 altera
976 809 1043 869 lusu

362 905 542 985 Consumpta
566 917 626 987 est,
650 926 780 968 nonme
805 910 927 967 crimina
950 927 1042 986 parua
1066 918 1196 968 mouent

103 1029 162 1088 Vox
183 1025 411 1110 ε15555’,5555
431 1033 478 1092 bic
497 1031 546 1092 FN
569 1030 726 1123 praebent,
750 1041 780 1104 51
799 1032 920 1093 ludendi
940 1031 1066 1093 uerbum
1086 1036 1272 1094 1555511515

102 1130 225 1187 555115
249 1148 348 1188 amore
373 1139 402 1190 51
426 1133 571 1208 imprimis
595 1130 750 1207 Propertio
774 1131 905 1190 adamata
912 1130 1022 1210 ,quod
1042 1150 1146 1191 omnes
1165 1135 1273 1213 sciunt,

21 1237 22 1296 t
102 1229 153 1303 551
177 1229 241 1287 5155
261 1213 433 1287 sermonem
456 1235 575 1304 norunt,
600 1237 632 1288 51
656 1179 1188 1290 abillorumcodlcumauctoritate
1214 1249 1271 1290 555

101 1324 299 1386 recedendum
325 1345 389 1385 5555
413 1329 578 1387 existimem
603 1325 782 1386 dissentiens
805 1345 820 1384 a
844 1325 1033 1406 Baehrensio,
1059 1304 1110 1405 qul
1134 1347 1202 1388 cum
1226 1327 1273 1387 DV

100 1422 193 1483 scribi
215 1423 281 1484 5511
305 1419 408 1484 Ἱιιιιιι’.
456 1425 540 1504 Piget
563 1426 660 1484 omnia
684 1425 790 1483 afferre
814 1424 961 1505 exempla3
985 1425 1058 1508 cil
1084 1422 1133 1505 10,
1157 1423 1191 1486 9:

314 1548 378 1609 Non
403 1558 500 1610 tamen
525 1569 541 1608 5
565 1547 665 1610 uestro
689 1551 773 1627 potui
797 1549 937 1608 secedere
961 1549 1028 1610 lusu

21 1629 304 1754 1111111515,
325 1673 376 1734 ai.
410 1672 550 1734 Vocabuli
569 1681 667 1734 autem
692 1667 802 1733 ‘luxus'
822 1675 868 1756 515
888 1674 923 1732 55
947 1673 1004 1734 555
1028 1674 1093 1733 1555
1116 1675 1271 1755 abborret3

97 1775 220 1850 proprie
243 1773 321 1832 enim
346 1773 492 1851 siguificat
516 1772 728 1831 luxuriosamt
716 1780 815 1831 terrae
832 1750 1055 1851 iocunditatem,
1080 1773 1158 1833 unde
1183 1777 1271 1833 etiam

96 1870 134 1929 de
158 1869 312 1930 hominum
337 1870 484 1930 salacitate
508 1863 741 1951 usurpatur(
739 1869 828 1930 ‚Tac
843 1869 911 1930 bist
926 1867 956 1950 4,
974 1865 1038 1951 14),
1061 1871 1168 1938 deinde
1193 1872 1271 1931 idem

96 1969 178 2052 ualet
202 1987 235 2028 ac
258 1969 382 2030 luxuria.
411 2003 455 2012 —
483 1967 635 2046 Subiungo
663 1967 737 2027 duos
765 1946 860 2048 15555,
888 1966 940 2028 ubi
968 1976 1087 2046 praeter
1110 1968 1159 2029 FN
1183 1972 1271 2029 etiam

98 2057 176 2142 alius¹
201 2066 275 2126 liber
299 2069 328 2126 in
354 2068 458 2127 eodem
481 2085 572 2127 uersu
597 2065 766 2144 sequendus
791 2074 845 2126 551.

48 2231 58 2255 s
95 2191 136 2250 lll
153 2189 306 2273 7,21555.
332 2193 407 2252 Sunt
431 2181 676 2270 Agamemnonias
699 2192 839 2250 testantia
861 2189 946 2250 litora
970 2208 1073 2271 curas,

381 2287 462 2361 0555
487 2297 569 2349 55151
591 2289 723 2367 Argynni
745 2306 838 2366 poena
863 2290 1002 2357 minantis
1026 2307 1132 2366 aquae:

330 2388 385 2449 llic
408 2391 517 2449 iuuene
541 2388 649 2446 amisso
673 2385 798 2446 classem
821 2404 880 2446 non
905 2386 994 2446 soluit
1016 2386 1147 2466 Atrides,

370 2486 436 2562 Pro
461 2503 517 2564 555
540 2491 666 2544 5551515
691 2492 736 2543 551
758 2482 911 2564 Iphigenia
934 2502 1027 2544 mora.

96 2586 194 2668 Huius
213 2609 270 2669 loci
289 2629 393 2670 ueram
410 2610 636 2689 explicationem
656 2626 703 2668 me
723 2608 843 2687 quidem
862 2609 960 2669 iudice
978 2611 1095 2669 inuenit
1113 2608 1186 2686 Aug.
1201 2606 1270 2667 Otto

96 2700 154 2788 (De
180 2706 286 2767 1555115
309 2707 411 2790 Prop.,
434 2715 508 2788 part.
532 2707 544 2767 l
568 2726 595 2786 p.
621 2699 691 2788 22),
720 2725 788 2767 cum
816 2705 908 2766 uerba
938 2703 1081 2786 ‘Argynni
1103 2704 1208 2784 poena'
1234 2703 1270 2763 (15

96 2806 161 2882 1555
185 2804 336 2884 Iphigenia
360 2815 485 2867 mactata
508 2808 772 2884 interpretaretur,
795 2813 829 2864 51
852 2807 944 2864 151155
967 2804 1024 2864 1551
1048 2822 1155 2863 555555
1178 2810 1271 2862 esset:

95 2897 196 2962 ‘litora
223 2903 403 3060 (1555151515-
420 2903 647 2982 Agamemnonis
675 2917 816 2958 curarum
845 2909 915 2959 sunt
943 2908 1048 2980 155155,
1081 2919 1156 2979 5555
1184 2899 1270 2958 litora

96 3008 180 3061 notat
208 3001 306 3080 Argyu
369 3020 443 3080 5555
473 2999 620 3060 submersi
648 2990 732 3075 (15151
759 2995 816 3056 555
843 2998 969 3057 fortasse
998 3000 1027 3056 in
1051 3016 1095 3056 vv.
1120 2999 1270 3073 corruptis

95 3092 263 3159 ‘minantis
278 3091 396 3180 aquae')
425 3115 519 3174 poena
543 3095 604 3155 scil.
628 3092 780 3172 Iphigenia
808 3093 845 3152 ob
873 3113 999 3176 moram,
1028 3113 1103 3174 5555
1130 3094 1268 3172 Argynno

94 3197 204 3255 amisso
232 3195 480 3272 Agamemnonem
509 3191 645 3272 retinuit,
678 3193 778 3250 555115
810 3184 945 3251 aduersis
978 3193 1090 3252 exortis
1108 3186 1268 3251 mactata.

94 3293 192 3353 Etiam
216 3311 249 3351 55
273 3294 303 3350 15
328 3309 360 3350 re
385 3292 634 3369 circumspectum
658 3287 802 3348 iudicium
826 3290 923 3349 lacere
946 3289 1020 3350 mibi
1038 3289 1166 3370 uidetur,
1190 3290 1284 3367 quod⁴

94 3410 157 3450 non
181 3388 302 3468 Veneri,
331 3390 407 3449 sicut
432 3388 676 3449 Schneidewinus
705 3384 821 3466 (Philol.
846 3387 858 3447 l
882 3407 910 3466 p.
934 3382 1084 3469 316555.)
1109 3389 1187 3472 5511,
1216 3389 1268 3448 sed

93 3489 140 3548 dis
165 3487 288 3546 marinis
308 3485 345 3545 55
365 3486 497 3566 Argynni
519 3493 646 3546 mortem
669 3485 752 3544 iratis
776 3484 855 3544 illam
879 3487 1057 3546 immolatam
1077 3505 1093 3545 5
1112 3487 1268 3565 Propertio

23 3587 24 3599 ¹
94 3586 155 3645 dici
182 3592 305 3664 propter
334 3588 549 3645 sententiarum
578 3601 722 3644 conexum
752 3576 874 3665 putat.¹)
919 3584 961 3644 Ac
989 3587 1119 3664 primum
1150 3603 1218 3644 cum
1246 3584 1269 3643 F

169 3794 194 3861 1)
214 3792 354 3862 Propertii
377 3811 436 3848 mos
460 3791 645 3846 adumbrandi
669 3788 758 3857 magis
782 3805 867 3856 quam
893 3791 1042 3845 enarrandi
1065 3790 1269 3846 1555551111-

95 3871 216 3926 cnltates
240 3872 286 3925 hic
309 3872 507 3942 interpretibus
531 3872 633 3938 mouit,
662 3887 779 3939 quorum
802 3870 943 3939 plerisque
966 3887 1000 3923 55
1024 3869 1201 3941 potissimum
1224 3889 1268 3926 res

94 3950 301 4006 dubitationem
324 3953 470 4020 iniciebat,
499 3953 574 4020 qnod
599 3951 633 4003 de
656 3965 747 4018 poena
770 3950 897 4018 Argynni
920 3950 1032 4004 aliunde
1055 3950 1154 4019 ignota
1176 3969 1268 4005 sermo

93 4031 208 4085 uidetur
227 4049 295 4087 esse.
324 4033 390 4087 Illas
409 4035 503 4088 autem
523 4033 616 4086 tantas
636 4029 843 4084 aaseWeberus
862 4029 986 4096 (Quaest.
1002 4030 1092 4099 Prop,
1111 4029 1175 4085 Hal.
1189 4037 1268 4105 1876)

94 4129 120 4178 p.
142 4117 241 4179 20sqq.
262 4115 352 4181 putat,
373 4115 467 4166 5155.
487 4117 594 4167 21-24
613 4128 630 4164 5
648 4109 793 4178 Propertip
813 4109 926 4163 omnino
950 4109 1152 4164 abiudieandos
1170 4113 1198 4163 51
1217 4129 1267 4178 pro
1301 4116 1303 4119 ’

94 4191 312 4259 interpolatione
336 4194 404 4246 satis
429 4208 564 4262 peruersa
586 4193 615 4244 et
637 4189 739 4244 audaci
760 4188 904 4242 habendos
928 4206 988 4242 5555
1013 4189 1172 4244 contendat.
1211 4189 1266 4243 Sed

94 4271 195 4323 marito
218 4271 290 4326 banc
315 4272 483 4326 sententiam
505 4271 610 4324 refellit
635 4269 702 4323 Otto
721 4269 739 4320 l.
760 4285 844 4336 supra
862 4269 880 4322 l.
901 4269 931 4321 et
954 4286 1136 4336 quaecunque
1158 4268 1206 4321 ille
1233 4269 1267 4322 de

95 4349 309 4405 difficultatibus
329 4351 530 4422 grammaticis,
550 4351 584 4402 de
604 4348 805 4403 sententiarum
824 4363 897 4400 nexu
916 4348 1080 4417 interrupto,
1100 4348 1134 4401 de
1152 4346 1268 4403 insolita

95 4428 207 4483 fabulae
226 4431 317 4485 forma
335 4432 467 4500 disputet,
486 4431 557 4485 15155
567 4433 652 4497 51555
661 4429 725 4482 inde
736 4429 803 4479 5515
812 4442 871 4480 esse
882 4428 1063 4495 demonstrat,
1082 4426 1155 4494 quod
1174 4426 1266 4480 totum

94 4508 188 4563 locum
207 4527 306 4579 parum
324 4510 517 4568 intellexisset.
556 4507 753 4565 Grauissimum
773 4508 824 4575 551,
843 4507 918 4574 quod
937 4505 1161 4575 interpolationis
1181 4521 1267 4575 argu-

147 4607 327 4650 Dissartationes
341 4611 454 4650 15555555,
478 4611 509 4649 II.
1023 4601 1054 4648 10
