3067 5042
714 393 956 458 -168-

248 559 382 620 ciendam
397 557 569 618 baebrensii
590 559 791 622 coniecturam
808 565 838 618 et
857 558 1105 637 acquiescendum
1120 577 1185 619 esse
1199 567 1273 638 puto
1292 559 1419 621 lectione
1481 563 1524 624 'od

250 657 374 736 uulgari,
398 675 485 736 quam
510 675 600 736 supra
623 651 727 738 dedi.¹)
764 657 868 717 Restat
890 665 989 716 autem
1013 657 1173 736 scrupulus
1192 660 1222 718 in
1242 678 1271 718 u.
1290 660 1420 719 miuore:
1496 669 1529 740 nit

248 756 318 835 quid
352 757 430 816 enlm
463 754 689 816 rescribendum
723 757 761 814 sit
793 773 847 834 pro
877 749 1038 835 ‘Gallicus'‚
1070 756 1149 834 quod
1182 755 1261 816 idem
1290 774 1357 817 esse
1386 775 1420 817 ac
1496 775 1529 825 tat.

248 839 417 933 ‘Phrygius'
438 846 553 936 (Gallus
573 855 651 913 enim
666 852 810 932 Phrygiae
829 847 939 934 amnis)
954 852 1089 913 nonnulli
1106 855 1287 933 interpretes
1306 861 1421 935 putant,
1499 915 1503 940 ἶ
1527 838 1529 890 3

248 970 295 1011 me
321 947 440 1030 uiridem
463 950 560 1012 iudice
585 950 716 1012 nondum
740 969 795 1031 pro
819 958 901 1010 certo
926 958 1049 1012 constat.
1094 950 1244 1012 Permulta
1267 971 1284 1012 a
1307 954 1422 1012 criticis

250 1056 390 1128 temptata
406 1056 484 1127 sunt,
500 1049 536 1108 cl.
547 1047 652 1109 Raebr.
680 1048 826 1128 Bergkius
835 1050 992 1128 proposuit
1002 1043 1119 1109 ‘Iliacus
1130 1045 1247 1130 Graiis',
1257 1049 1420 1110 XIndscbe·

248 1166 301 1208 rus
325 1140 414 1230 (Mus.
437 1147 491 1206 lib.
516 1145 594 1206 XVII
617 1166 645 1226 p.
669 1139 749 1229 217)
774 1142 906 1229 ‘quiuis',
934 1147 1013 1226 quod
1041 1147 1078 1206 ab
1106 1149 1187 1207 omni
1213 1147 1421 1226 probabilitate
1506 1151 1529 1206 ’,ι

250 1245 398 1326 abhorret,
421 1244 481 1305 Leo
501 1238 543 1326 (p.
559 1239 639 1327 438)
665 1240 789 1305 ‘Delius'
808 1247 827 1306 i.
842 1264 867 1305 e.
882 1245 994 1325 Apollo,
1017 1245 1096 1324 quod
1120 1248 1191 1306 satis
1214 1248 1288 1306 mire
1308 1244 1422 1307 dictum

248 1353 329 1425 puto.
366 1342 508 1404 Behotius
528 1351 713 1404 commentus
733 1350 779 1404 est
797 1338 957 1423 ‘bellicus',
976 1344 1055 1422 quod
1074 1342 1226 1404 Palmerus
1245 1346 1284 1404 ita
1304 1352 1423 1406 tuetur:
1508 1365 1516 1403 ἰ

250 1439 299 1502 ‘ne
329 1441 377 1502 cui
395 1441 544 1502 'uideatur
568 1436 715 1502 ‘bellicus'
745 1443 775 1501 ui
803 1459 918 1523 carere,
951 1441 1007 1501 boc
1035 1460 1140 1502 moneo
1171 1449 1289 1520 poetam
1321 1442 1421 1502 dicere
1511 1465 1515 1468 ·

249 1539 340 1619 uelle,
368 1539 523 1598 Nestorem
553 1538 668 1599 felicius
692 1541 722 1600 in
746 1539 822 1599 bello
850 1541 1017 1618 periturum
1045 1540 1137 1599 luisse
1167 1558 1256 1618 qitam
1279 1539 1367 1619 longo
1390 1550 1422 1601 et
1514 1560 1529 1603 n

250 1640 359 1698 misero
383 1656 458 1698 aeuo
481 1640 511 1696 in
534 1655 606 1716 pace
630 1632 798 1716 producto'.
840 1637 898 1697 Sed
918 1639 1005 1698 etiam
1025 1639 1089 1697 sine
1109 1637 1158 1697 illo
1178 1638 1325 1698 adiectiuo
1348 1639 1422 1698 baec
1514 1656 1529 1703 a

252 1737 398 1796 sententia
422 1737 507 1795 inest.
548 1731 699 1796 ‘Gallicus'
723 1754 819 1814 nuper
843 1734 990 1796 Vahleuus
1013 1755 1041 1814 p.
1057 1732 1121 1796 352
1146 1754 1252 1796 rursus
1275 1736 1424 1817 deleudit3
1514 1747 1525 1787 ε

251 1843 281 1894 et
304 1853 374 1895 sane
398 1833 543 1894 eiusmodi
572 1841 630 1913 est,
660 1842 812 1912 [ltneque
838 1834 1037 1912 corruptionis
1065 1852 1160 1911 neque
1185 1833 1424 1913 interpolationis
1521 1869 1524 1891 ι

252 1934 381 2011 speciem
406 1949 476 2010 prae
500 1949 532 1990 se
556 1932 639 1991 lerat.
665 1965 705 1972 -
731 1931 864 2010 lienique
888 1949 925 1990 ne
949 1950 977 1991 u.
993 1928 1035 1990 49
1059 1949 1224 2007 pronomen
1249 1927 1331 2012 ‘ille’,
1354 1951 1424 1992 cum
1527 1981 1529 1992 .

251 2049 266 2090 a
290 2029 314 2088 N
339 2029 424 2108 absit,
448 2036 619 2108 suspectum
643 2029 760 2110 habeas,
784 2030 821 2088 cl.
844 2028 1012 2088 Palmerum
1036 2021 1142 2110 (praef.
1160 2049 1189 2108 p.
1203 2022 1347 2111 XXXVI),
1371 2033 1425 2108 qui
1518 2068 1523 2080 .

250 2127 319 2188 inde
353 2129 458 2187 tritium
489 2135 591 2188 natum
621 2119 686 2188 esse
719 2128 901 2207 suspicatur,
933 2126 1012 2204 quod
1044 2124 1183 2186 librarius
1217 2130 1426 2206 pronuntIaret

251 2220 434 2286 ‘Xotilochi'.
459 2257 500 2268 —-
526 2225 568 2286 et.
593 2225 627 2285 ad
652 2226 730 2286 hune
754 2225 772 2286 l.
796 2227 884 2284 etiam
909 2225 980 2303 bug.
999 2223 1069 2285 Otto
1092 2245 1119 2303 p.
1144 2222 1195 2284 29.

217 2322 466 2430 V1124,45sq.:
491 2349 550 2410 lam
574 2349 628 2408 tibi
651 2349 765 2410 Iasonia
789 2358 858 2409 nota
881 2357 928 2408 est
950 2348 1052 2408 Medea
1076 2351 1188 2429 carina,

531 2447 568 2506 Et
591 2448 678 2508 modo
703 2457 821 2520 seruato
846 2447 907 2506 sola
930 2445 1033 2506 relicta
1057 2448 1131 2507 uir-n

251 2575 294 2634 Ita
313 2564 437 2651 NF²V23
461 2571 496 2630 ab
516 2571 605 2631 infido
625 2565 701 2650 DV13
724 2589 781 2629 om.
797 2564 841 2629 Fi
878 2569 1077 2657 Baehrensius
1098 2564 1198 2654 (proll.
1213 2591 1239 2650 p.
1256 2565 1332 2653 XII),
1356 2574 1425 2650 quia

253 2673 283 2731 in
303 2670 447 2730 librorum
467 2668 520 2729 FN
541 2669 621 2729 tonte
641 2668 744 2728 lacuna
764 2669 905 2749 extiterit,
922 2667 1079 2728 lectionem
1100 2664 1243 2730 ‘seruato'
1260 2671 1426 2730 correctori

253 2768 356 2830 deberi
380 2776 490 2828 censet.
533 2767 570 2827 At
592 2785 717 2846 prorsus
746 2766 837 2826 falsus
861 2773 920 2826 est:
949 2761 996 2825 ‘ab
1020 2762 1123 2826 infido'
1151 2770 1251 2846 potius
1275 2786 1332 2827 una
1356 2785 1427 2827 cum

253 2861 372 2926 ‘lallaoi'
396 2858 442 2946 ’(Ι]
471 2884 527 2943 mg.
552 2883 590 2925 m.
614 2860 649 2946 2)
682 2873 793 2926 temera
826 2871 872 2924 est
905 2867 1084 2925 coniectura.
1135 2865 1207 2925 Nam
1240 2865 1427 2944 Neapolitani

253 2967 401 3044 scriptura
425 2982 485 3024 non
509 2963 605 3024 solum
630 2965 700 3024 satis
724 2964 870 3042 exuitisita
894 2970 952 3043 est,
981 2963 1031 3022 sed
1057 2981 1093 3022 ne
1122 2961 1210 3023 babet
1238 2963 1371 3043 quidem,
1399 2966 1427 3024 si

253 3063 374 3123 alteram
398 3062 540 3143 praelers,
564 3081 622 3122 uox
647 3056 766 3142 ‘modo',
791 3080 849 3140 quo
874 3063 1029 3140 pertineat,
1053 3079 1140 3140 quam
1159 3079 1223 3121 rem
1241 3061 1301 3121 Leo
1317 3081 1344 3140 p.
1358 3059 1426 3122 444

253 3164 375 3222 monuit.
419 3159 541 3220 Videtur
565 3159 636 3220 mibi
660 3159 708 3220 hic
731 3159 749 3219 l.
775 3178 853 3220 unus
875 3178 941 3219 esse
965 3178 1000 3219 ex
1025 3160 1076 3240 iis,
1104 3159 1212 3238 quibus
1240 3159 1427 3238 Neapolitani

254 3261 415 3320 auctoritas
438 3261 470 3361 in
493 3259 654 3319 clarissima
678 3257 744 3318 luce
767 3259 864 3336 posita
887 3251 969 3337 est.²)

219 3383 279 3452 «ΙΙ
303 3381 355 3464 28,
375 3380 430 3442 21:
489 3381 676 3442 Andromede
700 3383 842 3441 monstris
866 3381 962 3441 luerat
985 3380 1093 3440 deuota
1116 3383 1247 3442 marinis.

254 3507 315 3568 Hae
347 3505 538 3585 Neapolitani»
562 3499 670 3588 (papo)
703 3505 829 3565 lectione
862 3522 916 3583 pro
949 3503 1090 3564 Italorum
1122 3507 1293 3564 coniectura
1326 3506 1426 3565 babita
1527 3478 1528 3515 ³

254 3605 453 3666 Raebrensius
477 3597 576 3684 (proll.
600 3623 627 3682 p.
644 3595 754 3684 XXIX)
778 3604 918 3681 proponit
941 3596 1087 3680 ‘sacrata',
1110 3601 1189 3679 qnod
1213 3604 1312 3662 minus
1336 3621 1427 3681 quam
1527 3644 1528 3669 r

254 3705 378 3764 alterurn
398 3723 413 3762 a
434 3705 581 3782 scriptura
601 3710 770 3762 ceterorum
790 3698 935 3781 codicum,
954 3717 1028 3777 quae
1048 3707 1093 3759 est
1112 3694 1308 3782 ‘monstrata’,
1327 3700 1426 3762 distet.

328 3931 351 3996 t)
372 3927 523 3988 ‚Vahleuus
546 3928 565 3980 l.
584 3927 602 3982 l.
622 3945 647 3996 p.
668 3931 719 3981 351
744 3925 909 3994 scripturam
936 3925 1064 3980 codicum
1091 3925 1216 3980 defendit
1244 3926 1425 3994 optationem

253 4008 471 4078 interrogatione
491 4024 652 4078 expressam
671 4008 700 4061 in
719 4024 752 4060 ea
770 4005 861 4061 inesse
879 4006 964 4060 ratus.
1001 4006 1045 4059 Ita
1062 4005 1148 4076 igitur
1166 4006 1225 4076 legi
1243 4006 1317 4058 uult:
1358 4005 1427 4070 Quis

253 4094 311 4143 tam
331 4089 487 4157 longaeuae
506 4088 571 4142 min.
591 4088 609 4141 f.
630 4105 651 4143 s.
689 4087 813 4142 Gallicus
832 4084 926 4140 Iliacis
944 4085 1026 4140 miles
1044 4085 1075 4140 in
1093 4084 1262 4155 aggeribus?
1300 4085 1355 4138 Sed
1378 4086 1426 4140 de·
1527 4114 1528 4117 ¹

254 4171 345 4224 sidero
372 4167 455 4221 buius
479 4167 624 4223 insolentis
647 4185 712 4222 usus
735 4167 863 4236 exempla
886 4184 919 4220 ex
943 4167 1004 4236 ipso
1027 4166 1174 4235 Propertio
1198 4165 1371 4234 deprompta.
1392 4197 1427 4206 —

255 4253 282 4318 2)
301 4251 341 4304 De
360 4247 447 4302 totius
467 4245 580 4301 distichi
599 4246 762 4316 integritate
783 4248 851 4302 Otto
869 4265 896 4317 p.
917 4252 950 4301 51
971 4247 1042 4301 adeo
1061 4246 1188 4313 dubitat,
1209 4249 1240 4298 ut
1259 4247 1427 4316 corruptelis

255 4330 284 4383 et
301 4325 564 4396 interpolationibus
588 4326 688 4382 misere
711 4327 783 4382 illud
807 4327 951 4383 foedatum
969 4342 1029 4380 esse
1049 4326 1152 4380 credat.
1189 4322 1272 4391 'Quod
1292 4343 1347 4394 quo
1366 4325 1428 4383 iure

254 4409 354 4477 faciat,
377 4407 424 4462 hic
447 4424 503 4462 non
526 4425 669 4476 curamus3
697 4410 778 4464 nobis
802 4409 877 4464 enim
899 4405 970 4461 nibil
993 4404 1070 4459 aliud
1094 4405 1315 4473 diiudicandum,
1342 4424 1429 4476 quam

256 4491 318 4545 utra
335 4487 420 4544 lectio
439 4487 581 4559 antiquior
600 4488 644 4545 sit.

546 4586 567 4615 l
