3067 5042
579 361 816 426 -183-

100 526 250 588 codicum
274 525 386 586 sontem
408 526 550 606 exercuit,
574 543 678 604 parum
702 531 787 587 carue
812 522 863 584 sed
888 524 1014 584 fortasse
1037 524 1102 584 sine
1125 520 1198 581 dolo
1211 522 1283 581 seri·

102 625 198 684 heret
214 618 403 702 ‘Gigantum'.
440 621 519 684 llaec
534 622 699 702 similiaque
719 621 915 702 perpendenti
930 620 1002 680 mibi
1017 639 1076 683 non
1095 627 1154 680 tam
1168 628 1284 680 certum

102 721 357 802 exploratumque
392 719 511 782 uidetur
540 737 628 799 quam
659 721 811 800 plerisque
839 738 915 798 opus
943 737 1008 779 esse
1037 717 1157 796 llauptii
1184 734 1283 776 emen·

102 821 240 901 datione,
262 838 339 898 ¹quac
358 829 404 881 est
427 813 620 899 ‘nocentum’,
643 819 819 898 praesertim
839 835 907 878 cum
931 808 1161 897 ἑκατόγχειρας
1182 813 1284 886 Hesio·

102 919 183 980 deos
212 915 375 995 similiaque
404 925 537 978 monstra
563 918 699 994 gigantes
730 914 871 994 appellari
902 934 990 994 posse
1023 916 1086 993 ipse
1119 914 1182 974 lere
1216 931 1284 973 con·
1330 918 1396 1024 Μ

103 1009 235 1096 cedat.¹)
259 1047 301 1058 ...
328 1014 469 1076 Similiter
493 1013 683 1076 iudicandum
706 1020 780 1092 puto
802 1013 839 1072 de
863 1011 902 1073 lll
924 1011 951 1094 1,
970 1010 1026 1074 at:

259 1139 377 1200 ldaeum
403 1138 553 1200 Simoenta
576 1139 655 1199 louis
679 1156 756 1198 curn
780 1137 880 1216 prole
906 1136 1136 1216 Scamandro,

107 1283 201 1343 quiam
236 1264 268 1323 G.
294 1263 402 1324 Wollfii
435 1264 671 1324 emendationem
699 1269 732 1322 nt
761 1264 958 1322 certissimam
992 1259 1128 1321 laudibus
1161 1262 1285 1320 snrnmis
1325 1271 1327 1274 ’

106 1363 249 1442 plerique
273 1361 430 1443 extollunt3
455 1363 491 1422 ol.
516 1361 622 1440 Haupt.
661 1361 718 1420 Sed
743 1379 780 1420 ne
804 1362 871 1439 quis
895 1359 997 1419 credat
1020 1377 1066 1418 me
1091 1357 1169 1417 illam
1193 1365 1283 1416 totarn

105 1463 138 1519 in
156 1459 280 1521 dubium
295 1478 404 1520 uocare
425 1459 510 1539 uelle,
534 1460 570 1519 de
588 1461 689 1538 priore
707 1466 801 1538 parte,
821 1476 896 1536 quae
916 1465 962 1517 est
985 1451 1064 1516 ‘cum
1083 1451 1189 1535 prole’‚
1213 1455 1285 1515 mihi

108 1576 231 1638 quoque
252 1565 376 1638 constat,
400 1559 538 1635 qnoniam
558 1565 681 1636 propter
700 1555 866 1616 litterarum
886 1553 1114 1615 similitudinem
1129 1552 1200 1613 illud
1219 1571 1283 1612 cor-

107 1659 211 1734 rumpi
230 1662 347 1734 poterat
365 1658 395 1715 ln
411 1649 590 1735 ‘cunabula'‚
614 1654 693 1734 quod
708 1652 789 1713 DVF
805 1653 971 1732 perhibent.
1008 1654 1044 1712 At
1065 1670 1172 1711 nomen
1188 1653 1286 1730 ipsum

70 1761 72 1765 “
108 1748 317 1813 ‘Scamandro’
340 1755 389 1832 iis,
418 1770 492 1830 quac
521 1771 611 1830 supra
635 1753 771 1833 exposui,
801 1769 918 1812 mecum
947 1752 1092 1829 reputatis
1120 1748 1193 1809 adeo
1225 1767 1284 1807 non
1330 1826 1337 1837 .

108 1869 164 1929 pro
194 1860 276 1912 certo
311 1850 417 1931 babeo,
450 1860 484 1910 ut
511 1869 527 1908 e
556 1850 663 1911 tradito
696 1849 790 1910 uerbo
818 1843 937 1929 ‘parui'
971 1865 1074 1909 ueram
1106 1848 1284 1926 scripturam

109 1947 285 2009 eliciendam
315 1951 494 2028 existimem,
527 1966 595 2007 cnm
623 1947 694 2008 illud
728 1943 905 2008 ‘cunabula'
934 1967 951 2006 e
977 1941 1129 2025 cdrruptis
1161 1943 1286 2005 uocibus

110 2041 191 2106 ‘cerm
215 2041 311 2126 prole'
337 2048 500 2126 repositum
525 2064 584 2106 non
608 2047 638 2106 in
662 2045 821 2124 archetypo
841 2044 1004 2106 uerborum
1023 2043 1173 2104 delectum
1193 2044 1285 2104 luxisse

111 2143 316 2204 demonstrare
349 2142 420 2203 mibi
453 2143 597 2203 uideatur.
646 2141 784 2203 Fortasse
815 2145 907 2222 igitur
938 2142 1010 2202 latet
1042 2142 1221 2202 adiectiuum
1249 2141 1285 2201 ad

110 2236 229 2320 ‘prole'
244 2242 444 2322 referendum,
460 2241 539 2321 qnod
555 2261 608 2320 ego
623 2242 761 2320 indagare
778 2240 909 2302 nondum
923 2242 1015 2320 potui.
1052 2240 1172 2299 Minime
1185 2248 1286 2300 autem

113 2347 218 2418 poetae
242 2346 371 2400 mentem
396 2345 550 2400 assecutus
574 2347 620 2400 est
640 2331 802 2420 Palmerns‚
825 2358 895 2399 cum
917 2341 958 2400 ita
981 2355 1103 2399 uersum
1127 2337 1285 2398 scriberet:

348 2463 451 2525 ldaeos
475 2473 591 2525 montes
615 2463 694 2525 lonis
717 2463 895 2525 incunabula
918 2465 1013 2543 parui.
1047 2456 1049 2458 ’

112 2589 184 2649 Nam
210 2590 281 2668 quid
305 2589 385 2651 louis
408 2589 586 2651 incunabula
606 2589 641 2650 ad
661 2589 804 2651 Achillem
823 2609 891 2651 eum
910 2588 1082 2650 fluminibus
1105 2598 1286 2668 pugnantem

113 2697 142 2750 et
165 2689 302 2748 Hectoris
327 2706 436 2766 corpus
460 2690 572 2748 circum
597 2687 702 2749 Troiae
726 2706 829 2749 muros
853 2684 1041 2747 trahentem?

199 2784 279 2843 Haec
308 2787 333 2842 si
358 2802 429 2843 nere
459 2784 606 2862 disputata
635 2794 717 2863 sunt,
745 2785 881 2860 seqnitur
910 2786 1010 2844 nimiis
1038 2783 1175 2844 laudibus
1205 2787 1285 2844 uiros

114 2882 215 2942 doctos
240 2879 380 2940 extulisse
405 2879 589 2957 Neapolitani
612 2883 823 2958 praestantiam
847 2879 1050 2959 compluribus
1074 2880 1156 2963 loeis,
1180 2880 1231 2941 ubi
1254 2885 1285 2942 iu

114 3001 147 3042 eo
169 2979 310 3041 nonnulla
333 2979 449 3040 desunt.
495 2977 553 3038 Ant
576 2979 655 3038 enirn
684 2995 786 3037 errore
815 2987 866 3037 ant
893 2977 1010 3056 legendi
1036 2977 1209 3040 difficultate
1233 2988 1285 3040 ant

115 3078 176 3138 aliis
204 3078 301 3139 causis
330 3077 439 3137 lactum
468 3093 534 3135 esse
558 3076 755 3136 demonstrari
778 3082 890 3155 potest,
920 3083 952 3134 ut
977 3074 1118 3148 librarius
1140 3077 1284 3137 uocabula

27 3239 28 3258 ἶ
115 3178 271 3256 omitteret,
296 3192 372 3254 quae
396 3176 427 3234 in
451 3173 610 3252 archetypo
634 3175 767 3234 extitisse
791 3171 943 3253 probabile
968 3181 1021 3234 est.
1067 3172 1130 3234 Vno
1156 3182 1283 3235 tantum·

27 3265 28 3268 ’
100 3261 197 3331 'modo
222 3271 270 3332 uel
294 3270 410 3333 duobus
433 3272 507 3331 loeis
530 3280 671 3350 corrupta
694 3271 773 3332 illins
798 3271 888 3359 uerba
917 3272 1007 3333 sontis
1033 3271 1177 3332 librorum
1201 3270 1283 3331 nvn

115 3367 230 3428 librario
260 3368 334 3428 male
364 3359 451 3429 docto
480 3369 648 3430 facultatem
676 3369 793 3430 dedisse
827 3370 968 3431 uidentur
995 3369 1187 3430 ostentandae
1215 3389 1282 3431 eru·

115 3466 239 3546 ditionis,
263 3485 330 3526 cnm
354 3465 426 3527 illud
451 3461 611 3528 ‘cunabula
635 3462 735 3546 parui’
761 3468 797 3529 de
827 3468 972 3529 industria
996 3487 1012 3528 e
1036 3456 1143 3528 litteris
1169 3469 1283 3528 traditis

116 3567 274 3644 repositum
298 3583 363 3625 esse
384 3567 434 3625 nix
454 3569 555 3644 negari
579 3569 680 3645 possit.
717 3565 781 3626 Hoc
800 3585 873 3626 uero
888 3565 924 3626 ab
945 3565 1082 3626 omnibus
1102 3566 1282 3627 concedetur

117 3661 260 3722 nonnullis
288 3660 427 3723 uersibus
456 3663 617 3724 uerborum
647 3663 765 3724 defectu
789 3666 820 3722 in
843 3663 892 3723 illo
916 3662 992 3722 libro
1021 3668 1138 3721 extante
1168 3664 1283 3722 moneri

117 3779 174 3841 nos,
197 3768 231 3820 ut
254 3778 421 3840 caueamus,
445 3763 571 3838 nequid
597 3771 709 3823 temere
732 3780 787 3840 pro
811 3763 939 3840 genuina
961 3760 1089 3820 lectione
1112 3759 1281 3821 habeamus,

199 3855 228 3916 6.
262 3855 408 3918 Familia
437 3857 489 3916 DV
518 3877 642 3927 uerum
673 3861 837 3920 seruauit
868 3876 952 3938 prae
986 3850 1108 3940 N(AF).
1149 3855 1215 3937 12,
1239 3856 1281 3917 29

119 3949 214 4038 (sectis
238 3957 341 4014 statuit
364 3953 423 4014 Leo
446 3975 475 4034 p.
499 3953 562 4017 441
588 3951 715 4038 adnot.);
743 3953 773 4035 3,
792 3953 833 4016 31
859 3948 1079 4038 (percurrens
1103 3975 1210 4017 nerum
1237 3966 1282 4017 est

119 4063 232 4132 propter
257 4051 348 4114 uerba
373 4047 520 4113 ‘diuersas
535 4086 576 4096 —
592 4048 763 4133 fenestras'3
792 4072 846 4132 per
871 4061 966 4115 totum
990 4053 1161 4114 cubiculum
1184 4053 1280 4115 lucem

119 4151 274 4230 dispersam
299 4168 363 4210 esse
387 4161 474 4229 poeta
492 4144 636 4232 indicat);
664 4147 693 4230 9,
712 4148 770 4232 313
799 4148 850 4231 13,
868 4148 925 4233 363
954 4149 1003 4232 19,
1027 4149 1066 4212 10
1088 4148 1281 4234 (Thessalis);

185 4371 210 4436 1)
229 4367 373 4422 Palanerns
388 4367 548 4424 dubitanter
562 4365 681 4422 coniecit
696 4367 851 4422 ‘silentum’
868 4367 972 4423 collato
985 4367 1068 4438 Verg.
1082 4366 1150 4422 Aen.
1166 4366 1204 4421 Vl
1217 4373 1280 4437 432,

120 4452 144 4504 et
162 4451 366 4518 ‘tormentaque
386 4449 509 4503 sontum'
529 4448 719 4518 (postsoripb.).
