3067 5042
238 518 272 586 ts

207 2832 211 2840 ι
277 2799 515 2882 11111‚33sqq.:
539 2801 630 2863 Noxia
654 2803 843 2884 Alexandria,
866 2802 941 2862 dolis
965 2805 1114 2882 aptissima
1139 2805 1227 2865 tellus
1295 2806 1300 2814 '

426 469 451 534 ᾖ
742 411 985 475 -156-

279 573 318 632 lll
334 573 363 656 2,
373 511 419 680 Pl
422 594 467 653 sq.
491 576 550 635 Aut
573 575 630 635 illis
653 575 767 636 llamma
792 584 843 637 aut
865 576 960 636 imber
984 576 1131 638 subducet
1153 577 1297 660 honores,

536 674 688 733 Annorum
712 682 763 735 aut
786 677 850 753 ipso
874 675 1007 752 pondere
1032 678 1109 736 uicta
1133 685 1229 736 ruent.

279 797 342 857 Hoc
366 797 384 856 l.
408 807 494 877 poeta
519 800 642 858 maxima
667 798 963 878 splendidissimaque
983 800 1114 860 aedilicia
1138 801 1218 880 longi
1242 803 1389 881 temporis
1418 806 1475 864 in-

279 897 441 956 commodis
465 899 562 956 euerti
585 905 672 976 atque
697 897 784 957 obrui
812 915 914 978 posse,
942 897 1061 978 lamam,
1089 908 1181 977 quam
1206 902 1315 978 ingenii
1348 920 1474 962 monu-

278 1003 376 1054 menta
405 994 551 1076 tribuant,
585 997 793 1076 sempiternam
823 1013 889 1055 esse
922 998 969 1056 ait.
995 981 1097 1056 ‘Libri
1125 1017 1153 1057 u.
1178 996 1221 1059 22
1250 1002 1289 1059 ita
1321 1002 1474 1062 uariant:

209 1105 211 1112 ’
278 1094 340 1152 ictu
364 1091 422 1172 FN,
446 1095 524 1153 ictus
548 1092 580 1173 Β,
603 1094 711 1171 ictu}
734 1092 770 1174 V,
793 1092 924 1172 pondere
948 1092 1038 1176 DVN,
1055 1095 1186 1174 pondera
1210 1096 1241 1156 F.
1283 1096 1356 1156 lnde
1382 1116 1471 1158 non—

276 1189 350 1250 nulli
375 1191 503 1251 editores
528 1191 676 1253 scribunt:
704 1192 858 1253 Annorum
886 1199 937 1252 aut
964 1195 1027 1252 ictu
1054 1193 1186 1272 pondera
1214 1197 1293 1255 uicta
1320 1190 1455 1277 ruentj)

278 1298 311 1348 ut
334 1307 409 1349 uoce
434 1284 588 1368 ‘pondera’
612 1290 744 1350 aedificia
772 1289 820 1349 illa
849 1298 1021 1369 sumptuosa
1050 1293 1262 1370 significentur.
1310 1293 1369 1354 Sed
1396 1245 1471 1353 dis?

278 1387 369 1465 plicet
392 1405 503 1448 nouum
526 1388 584 1447 hoc
604 1386 780 1468 subiectum,
804 1406 863 1465 quo
886 1407 1050 1466 pronomen
1070 1385 1142 1449 ‘ille’
1162 1393 1308 1469 excipitur
1327 1400 1358 1451 et
1379 1391 1466 1452 dtur-

278 1484 407 1544 dendum
436 1492 482 1544 est
509 1485 585 1544 libro
608 1485 631 1544 F
655 1485 730 1545 alius
754 1485 865 1545 codicis
893 1505 1040 1546 consensu
1070 1487 1222 1548 destituto.
1268 1488 1329 1548 Nec
1359 1493 1465 1567 magis

278 1581 389 1642 arridet
412 1591 535 1661 propter
559 1582 686 1643 duorum
710 1583 907 1643 ablatiuorum
935 1602 1129 1665 concursum,
1158 1587 1236 1664 quod
1263 1586 1464 1648 Burmannus

278 1687 308 1739 et
331 1680 484 1741 Palmerus
507 1681 726 1742 commendant:

535 1805 689 1866 Annorum
712 1813 763 1866 aut
786 1808 862 1887 ictu,
885 1809 1016 1886 pondere
1040 1810 1132 1888 uicta,
1156 1818 1258 1890 ruent,

279 1930 468 1990 distinctione
488 1930 649 1991 subuenire
669 1931 780 1992 lrustra
799 1931 962 1992 studentes.
1000 1932 1101 2011 ltaque
1122 1952 1227 1994 uerum
1248 1935 1358 1996 uidisse
1379 1946 1460 2013 puto

278 2027 465 2088 Fonteinium
491 2037 520 2088 et
544 2028 731 2108 Samonium,
760 2031 811 2107 qui
834 2029 1014 2090 Raehrensio
1037 2030 1195 2109 plaudente
1225 2033 1312 2112 paulo
1336 2036 1458 2096 acriore

278 2126 423 2186 medicina
448 2146 568 2187 uersum
593 2127 726 2205 indigere
750 2130 807 2186 rati
831 2128 984 2188 commode
1008 2131 1050 2188 sic
1074 2148 1141 2188 eum
1166 2133 1400 2192 constituerunt:

537 2252 690 2312 Annorum
715 2261 765 2312 aut
789 2255 852 2330 ipso
876 2253 1008 2332 pondere
1032 2256 1111 2314 uicta
1135 2263 1237 2334 ruent,

279 2383 298 2442 h
327 2402 350 2443 e.
376 2403 429 2444 suo
455 2384 585 2463 pondere
610 2405 663 2464 per
687 2390 830 2466 temporis
854 2387 1080 2448 diuturnitatem
1103 2390 1182 2448 uicta
1205 2391 1306 2449 ruinas
1330 2389 1452 2454 dabunt.

282 2482 488 2543 Coniecturam
514 2491 611 2543 autem
637 2483 767 2543 Withosri
792 2480 855 2544 ‘aut
877 2489 937 2545 ictu
962 2494 1011 2545 aut
1035 2481 1180 2563 pondere'
1205 2494 1234 2548 et
1257 2477 1364 2547 Eldilrii
1388 2484 1476 2551 ‘aut'

282 2581 369 2639 tacito
394 2581 525 2657 pondere
556 2576 608 2657 (cl.
634 2580 793 2641 Burmann.
812 2601 840 2659 p.
859 2578 939 2662 494)
962 2600 978 2641 a
1002 2600 1075 2641 uero
1100 2582 1263 2644 abhorrere
1294 2587 1342 2645 uix
1369 2589 1449 2664 quis-

278 2694 365 2754 quam
390 2677 515 2756 negabit.

578 2900 615 2962 Et
639 2903 747 2961 totiens
772 2909 875 2962 nostro
898 2902 1026 2981 Memphi
1050 2912 1173 2988 cruenta
1199 2855 1325 2985 mhlo,s

534 3000 608 3060 Tres
632 2999 683 3059 ubi
706 3000 847 3078 Pompeio
871 3000 999 3061 detraxit
1021 3020 1111 3061 arena
1134 3001 1336 3079 triumphosl.
1410 3020 1443 3066 35
1469 3016 1472 3018 ’

578 3097 674 3160 Tollet
698 3098 776 3158 nulla
800 3098 863 3158 dies
887 3098 962 3159 hanc
987 3099 1040 3159 tibi
1063 3099 1155 3160 Roma
1180 3100 1292 3161 notam!
1408 3118 1441 3164 36

533 3195 629 3256 lssent
652 3195 815 3274 Phlegraeo
839 3197 945 3257 melius
968 3197 1022 3257 tihi
1046 3199 1151 3259 lunera
1175 3217 1292 3279 campo,

577 3292 629 3352 Vel
653 3301 703 3352 tua
727 3297 752 3352 si
776 3311 880 3353 socero
905 3295 978 3353 colla
1002 3296 1126 3356 daturus
1151 3315 1225 3356 eras.

534 3389 654 3449 Scilicet
677 3393 784 3449 incesti
806 3394 948 3449 meretrix
973 3394 1073 3468 regina
1097 3393 1221 3474 Canopi,
1407 3409 1438 3456 39

579 3485 639 3545 Vna
662 3485 817 3565 Philippeo
841 3489 983 3563 sangnine
1006 3486 1110 3547 adusta
1133 3497 1216 3565 nota,
1406 3507 1438 3554 40

534 3583 611 3641 husa
630 3582 694 3642 loui
713 3590 815 3642 nostro
834 3583 991 3643 latrantem
1010 3601 1160 3661 opponere
1180 3585 1307 3644 Anubim
1327 3607 1382 3664 eqs.

277 3716 340 3776 Non
365 3715 492 3776 debebat
510 3715 707 3777 Baehrensius
730 3735 801 3796 prae
821 3724 991 3777 ceterorum
1013 3716 1147 3777 codicum
1172 3735 1320 3778 consensu
1339 3719 1435 3780 librum

277 3814 299 3873 F
323 3815 505 3894 antefereuS,
533 3816 584 3892 qui
613 3833 640 3877 u.
664 3811 707 3875 35
734 3815 872 3894 perhibet
900 3811 991 3874 ‘llaec
1014 3809 1088 3892 tibi’,
1115 3817 1156 3874 ita
1185 3815 1328 3879 scribere:
1355 3814 1434 3879 ‘llaec

277 3911 330 3972 tibi
349 3911 470 3991 Pompei
490 3911 563 3973 detr.
583 3932 623 3972 ar.
643 3908 700 3974 tr.'.
741 3913 826 3984 Quod
846 3916 925 3974 enim
943 3932 1050 3992 parum
1072 3917 1263 3993 perspicuum
1287 3935 1350 3977 esse
1371 3918 1435 3978 uim

277 4005 382 4092 (prael.
411 4030 438 4089 p.
462 3991 557 4094 lllll),
591 4031 655 4090 quo·
680 4015 745 4072 iure
777 4032 805 4073 u.
829 4010 920 4090 3lsq.
951 4011 1049 4072 subito
1078 4013 1113 4071 ad
1145 4012 1317 4092 Pompeium
1348 4018 1432 4095 ipsunt

277 4103 382 4189 l‘tibi’)
407 4108 498 4168 uerba
523 4110 638 4192 dirigat,
663 4110 735 4170 nihil
758 4110 846 4192 ualet,
870 4112 1009 4189 quoniam
1033 4113 1176 4171 orationis
1199 4113 1285 4190 uigor
1307 4113 1353 4174 hic
1374 4115 1431 4194 lert,

277 4215 310 4266 ut
334 4205 420 4267 modo
444 4206 502 4267 huc
526 4209 612 4268 modo
636 4208 706 4270 illuc
729 4209 904 4288 Propertius
927 4209 1134 4269 allocutionem
1159 4220 1321 4270 conuertat.
1355 4212 1454 4295 Prae-¹

264 4313 358 4372 ,terea
382 4307 475 4364 maior
499 4323 547 4364 res
572 4314 631 4386 est,
655 4309 680 4366 si
703 4313 770 4366 tres'
788 4308 879 4367 luisse
904 4306 1070 4384 triumphos
1093 4309 1147 4388 ait,
1170 4316 1201 4368 et
1224 4311 1311 4368 nimis
1335 4309 1427 4369 uiolen-

350 4496 375 4564 1)
394 4494 437 4548 Ila
457 4495 597 4551 ‘fortunae
616 4495 686 4550 icbu’
706 4495 810 4567 legitur
827 4497 903 4567 apud
922 4498 972 4552 (lu.
992 4514 1025 4552 ex
1042 4496 1123 4552 Ponb.
1143 4497 1168 4549 ll
1187 4502 1212 4566 7,
1231 4501 1273 4550 41.
