3067 5042
702 413 942 477 ..154-

198 547 263 637 ‘11
289 576 340 659 11,
366 577 396 638 1:
450 576 588 638 Scribant
610 577 647 636 de
671 587 699 638 te
724 576 786 657 alii,
809 577 858 636 uel
880 579 922 637 sis
945 560 1057 655 ignota,
1081 575 1195 656 licebit,

494 676 623 757 Laudet,
646 678 697 755 qui
721 675 816 736 sterili
839 677 951 735 semina
974 676 1058 752 ponit
1081 674 1180 735 burne.

237 803 302 863 Non
322 803 469 882 intellego,
494 821 547 863 cur
562 802 759 862 Raebrensius
779 819 815 860 ex
834 800 857 860 F
877 796 937 860 ‘ne'
957 800 1140 879 praetulerit,
1163 818 1218 878 pro
1238 816 1297 878 qno
1316 801 1412 858 ceteri

237 901 305 961 libri
329 897 400 961 ‘uel’
425 901 573 961 exhibent.
611 899 663 960 His
683 901 762 959 enim
781 899 883 959 uerbis
899 898 1075 978 Propertius
1093 898 1149 958 boc
1168 897 1252 958 dicit:
1271 898 1410 972 'desinam

237 1001 267 1059 in
292 999 428 1060 laudibus
452 1001 511 1059 tuis
536 1001 664 1078 uersari;
693 997 918 1076 praedicentia
942 996 1004 1079 alii,
1032 1015 1107 1075 qnos
1135 1014 1254 1077 operam
1282 995 1411 1076 perdere

236 1100 328 1179 iuuat,
352 1097 399 1158 nel
424 1106 551 1159 taceant:
576 1115 640 1157 mea
664 1095 736 1157 nihil
758 1098 893 1157 interest.
1504 1086 1507 1094 Α

237 1227 448 1312 1120,21sq.:
475 1233 605 1311 Septima
628 1233 685 1290 iam
710 1230 815 1310 plenae
838 1229 996 1290 deducitur
1020 1229 1116 1290 orbita
1138 1228 1240 1309 lunae,

517 1330 590 1390 Cum
615 1330 651 1389 de
675 1347 722 1402 me
746 1337 777 1390 et
799 1328 835 1389 de
859 1337 888 1389 te
913 1331 1041 1407 compita
1064 1327 1144 1389 nulla
1166 1335 1279 1389 tacent:

474 1430 589 1490 Interea
613 1426 699 1487 nobis
723 1446 781 1487 non
805 1445 946 1506 umquam
970 1429 1058 1486 ianua
1080 1425 1191 1505 mollis,

517 1528 582 1587 Nou
606 1545 746 1605 umquam
769 1526 839 1585 lecti
862 1528 946 1604 copia
970 1526 1046 1587 lacta
1069 1526 1123 1585 tui.

473 1627 534 1691 Nec
558 1623 629 1690 rnilti
653 1623 827 1689 muneribus
851 1643 909 1689 uox
932 1610 992 1690 ulla
1015 1630 1062 1689 est
1084 1629 1181 1707 empta
1205 1621 1299 1684 beatis
1319 1641 1380 1704 eqs.
1485 1642 1489 1683 :

190 1819 195 1824 ›
239 1775 393 1846 Quoniam*
409 1778 573 1837 sexcenties
597 1794 688 1836 uoces
716 1771 792 1836 ‘non
817 1769 962 1856 unquam'
986 1784 1017 1835 et
1040 1769 1116 1834 ‘non
1139 1766 1306 1853 nunquam'
1330 1773 1414 1830 inter
1487 1752 1524 1795 ²¹

239 1893 270 1934 se
294 1874 533 1955 confunduntur,
560 1874 616 1934 boc
645 1874 680 1934 de
705 1874 723 1935 l.
746 1891 806 1935 non
834 1892 965 1953 agerem,
993 1875 1052 1934 nisi
1077 1871 1302 1951 Hertzbergins,
1330 1869 1414 1949 quod
1526 1885 1530 1894 ·

237 1979 317 2032 extat
335 1975 367 2033 in
387 1971 559 2032 Bnebrensii
578 1972 679 2032 codice
699 1971 730 2052 F,
751 1966 823 2032 ‘non
842 1965 1005 2051 nunqnam'
1021 2005 1062 2013 -
1078 1973 1172 2031 ceteri
1192 1988 1283 2030 sensu
1301 1986 1413 2046 repug-

240 2079 327 2131 nante
352 2070 461 2131 babent
485 2067 555 2130 ‘non
580 2065 723 2149 unquam'
746 2103 783 2114 -
808 2072 917 2131 acriter
941 2069 1123 2131 defenderet.
1168 2068 1197 2128 is
1220 2070 1300 2127 enim
1323 2064 1415 2125 Keilii
1531 2104 1534 2133 ²

239 2171 425 2250 sententiam,
441 2171 501 2250 qui,
516 2188 585 2230 cnm
599 2187 658 2228 non
674 2163 909 2248 ‘nonnunquam'
930 2169 982 2229 sed
1002 2152 1143 2247 ‘semper’
1162 2167 1191 2228 b.
1206 2185 1230 2226 e.
1247 2164 1414 2243 ‘nunquam
1495 2216 1498 2227 .

238 2263 308 2327 non’
332 2267 489 2346 Propertio
514 2267 672 2329 dicendum
696 2269 812 2349 luisset,
834 2267 1005 2346 languidum
1025 2285 1058 2326 ac
1077 2284 1170 2346 paene
1189 2267 1324 2345 ineptum
1342 2280 1413 2323 esse
1495 2330 1500 2349 Ι

237 2365 294 2425 boc
318 2365 465 2426 distichon
489 2385 547 2426 non
572 2369 635 2426 sine
655 2386 743 2427 causa
764 2364 917 2427 contendit
938 2360 979 2447 (p.
995 2361 1062 2447 53),
1084 2367 1124 2425 ita
1143 2366 1257 2425 reicere
1277 2368 1414 2436 conatur,
1496 2356 1500 2365 '

140 2515 144 2522 .
237 2473 271 2525 ut
294 2457 464 2548 lapdanrog
487 2465 611 2542 figuram
629 2465 677 2525 hic
696 2483 762 2526 esse
782 2463 998 2543 agnoscendam
1017 2471 1135 2544 statuat,
1160 2482 1217 2542 qua
1241 2457 1312 2522 ‘min
1335 2479 1414 2522 nun·
1495 2472 1500 2483 “

239 2557 339 2640 quam'
363 2562 441 2622 idem
461 2581 494 2622 ac
515 2557 655 2642 ‘semper’
675 2563 780 2624 ualeat.
817 2565 853 2622 Aa
872 2581 928 2623 nec
946 2552 1201 2642 Rossbergio‘nec
1220 2561 1292 2623 mibi
1313 2578 1414 2638 neque

238 2659 302 2719 aliis
325 2659 382 2719 boc
406 2662 562 2738 persuasit.
608 2661 710 2739 ltaque
739 2661 787 2720 bic
811 2653 855 2744 (p.
882 2655 987 2742 lbsq.)
1015 2678 1123 2721 nouam
1151 2663 1229 2721 uiam
1257 2663 1414 2739 ingressus

239 2757 304 2817 loco
328 2776 429 2818 ueram
454 2757 550 2820 lucem
570 2758 654 2818 reddi
672 2778 760 2838 posse
780 2766 864 2839 putat
882 2761 1122 2839 interpunctione
1142 2767 1261 2820 mutata.
1292 2757 1414 2837 Optime

239 2858 317 2916 enim
343 2857 415 2916 ferri
438 2875 525 2936 posse
550 2852 620 2918 ‘non
645 2853 909 2936 unquam’,·modo
928 2877 964 2918 ne
989 2857 1128 2919 uersibus
1151 2855 1194 2918 23
1208 2864 1239 2917 et
1252 2854 1296 2918 24
1319 2864 1413 2918 totam

158 2996 160 3000 -
238 2955 415 3015 sententiam
443 2955 606 3018 absolutam
634 2957 790 3017 credamus
823 2975 900 3019 neue
928 2959 958 3017 in
991 2957 1049 3017 fine
1081 2965 1225 3035 punctum
1257 2974 1412 3036 ponamus.
1500 3022 1505 3037 Ι

238 3052 383 3113 Vocabula
413 3049 532 3114 ‘mollis'
561 3063 591 3114 et
619 3049 718 3116 ‘lacta'
743 3074 803 3115 uon
825 3055 1008 3136 praedicata,
1036 3054 1088 3115 sed
1112 3054 1184 3116 illud
1207 3056 1326 3135 ianuae,
1353 3053 1412 3114 boc
1501 3046 1505 3071 '

238 3155 339 3230 copiae
368 3151 437 3212 lecti
466 3152 640 3214 attributum
668 3172 734 3214 esse
763 3162 852 3232 atque
875 3162 943 3233 post
966 3173 995 3215 n.
1018 3150 1062 3214 24
1086 3161 1229 3215 commate
1253 3155 1349 3233 posito
1371 3151 1412 3212 de

239 3248 336 3309 tribus
360 3249 502 3311 subiectis
527 3246 625 3310 ‘ianua
648 3248 765 3332 mollis',
790 3247 882 3312 ‘lacta
900 3254 985 3331 copia
1009 3246 1103 3333 lecti',
1130 3249 1205 3312 ‘nox
1228 3246 1303 3313 ulla'
1326 3269 1410 3330 prae-

189 3349 191 3353 ’
239 3347 331 3407 dicari
355 3365 447 3408 unnm
469 3347 541 3408 illud
566 3343 675 3428 ‘empta
699 3345 764 3410 est’.
788 3383 830 3392 —
855 3350 914 3410 Sed
938 3350 1004 3411 talia
1029 3369 1088 3412 uon
1112 3360 1170 3412 tam
1194 3359 1298 3430 poetae
1322 3367 1410 3427 quam

238 3444 430 3506 balbutientis
459 3465 524 3506 csse
554 3447 639 3506 facile
667 3447 740 3508 mibi
767 3448 922 3511 concedes.
973 3450 1055 3521 Quae
1083 3469 1152 3512 cum
1180 3452 1219 3510 ita
1251 3451 1323 3521 siut,
1355 3465 1410 3524 ego
1500 3432 1507 3449 ⁴

237 3543 337 3603 nullus
361 3543 477 3625 dubito,
506 3546 577 3622 quin
605 3547 635 3604 in
664 3545 711 3606 his
735 3546 836 3607 uerbis
860 3551 977 3627 negatio
1005 3551 1076 3610 insit
1099 3549 1225 3626 ideoque
1249 3553 1329 3606 recte
1352 3544 1410 3621 legi

237 3644 268 3701 iu
297 3641 371 3701 DVN
400 3637 471 3701 ‘non
499 3639 650 3721 unquam'.
702 3644 776 3706 Cum
809 3654 908 3708 autem
942 3666 1048 3707 sensns
1082 3647 1263 3706 contrarium
1290 3641 1410 3721 flagitet,

238 3739 311 3799 nihil
334 3747 440 3820 restat,
469 3759 556 3818 quam
580 3750 613 3802 ut
641 3743 696 3804 boc
720 3744 881 3825 distichon,
911 3747 937 3805 si
960 3763 1019 3804 non
1048 3745 1149 3803 lictum
1173 3761 1189 3801 a
1213 3739 1333 3800 librario
1362 3740 1410 3799 uel
1505 3746 1511 3759 ·

238 3840 441 3918 grammatico,
466 3839 544 3917 quod
569 3826 682 3903 Kellios
706 3861 733 3921 p.
757 3839 800 3903 53
825 3850 855 3902 et
877 3841 1023 3901 Weberus
1047 3859 1074 3917 p.
1098 3837 1139 3900 41
1166 3838 1283 3920 uolunt,
1311 3846 1410 3899 tamen

238 3934 426 4014 euPropertii
450 3939 631 4001 carminibus
655 3939 772 4000 aliunde
795 3939 855 3999 buc
878 3941 1031 3998 innectum
1055 3955 1120 3997 esse
1143 3956 1210 3998 cum
1228 3937 1410 3999 Baehrensio

238 4051 420 4094 censeamus.
459 4036 526 4118 Sed,
546 4040 575 4098 ni
594 4037 688 4116 lallor,
707 4055 767 4096 non
787 4053 909 4096 necesse
930 4043 977 4096 est
994 4054 1044 4096 uu.
1064 4032 1104 4096 21
1126 4045 1156 4097 et
1175 4033 1218 4097 22
1237 4036 1325 4099 simul
1343 4037 1409 4100 cici.

195 4153 218 4212 s
236 4176 263 4235 ll
287 4174 338 4258 28,
362 4175 396 4239 9:
449 4179 525 4240 Num
551 4178 607 4239 sibi
631 4177 765 4237 collatam
789 4177 884 4238 doluit
908 4176 1029 4239 Venus?
1052 4180 1100 4240 illa
1122 4186 1270 4261 peraeque

494 4276 567 4336 Prae
592 4293 624 4335 se
648 4276 787 4337 formosis
810 4277 957 4338 inuidiosa
980 4278 1034 4338 dea
1058 4286 1111 4340 est.

238 4417 401 4497 Paremque
421 4419 452 4499 F,
471 4436 525 4497 per
544 4437 653 4498 aequae
672 4419 706 4501 N,
726 4439 856 4500 pareqne
872 4422 905 4502 D,
923 4419 1082 4502 p{reque
1097 4422 1128 4503 V,
1147 4441 1222 4500 quae
1243 4421 1410 4484 dillerentia

239 4518 309 4576 satis
333 4516 408 4576 leuis
433 4525 491 4597 est,
520 4535 588 4577 cum
612 4517 738 4597 syllabae
763 4515 840 4600 ‘par'
864 4531 894 4582 et
918 4516 995 4605 ‘per'
1019 4523 1123 4612 eodem
1147 4541 1234 4601 saepe
1260 4519 1411 4587 scribendi
