3067 5042
544 398 787 462 -149-

32 564 136 623 duci
162 581 226 622 nos
249 562 374 643 Pheras,
402 563 437 621 ad
461 561 565 622 urbem
590 563 621 621 ln
645 561 829 623 meridionali
852 561 1020 622 Thessaliae
1045 570 1129 642 parte
1153 564 1248 642 sitam,

35 661 115 720 ubi
137 661 258 722 Hecate
278 660 334 720 sub
353 663 473 721 nomine
489 652 677 742 Ἀρτέμιδος
698 660 842 741 Φεραίας
861 659 1047 740 adorabatur,
1066 679 1140 739 quae
1159 662 1249 720 etiam

39 761 166 840 Argis,
196 759 333 839 Sicyone,
356 759 478 820 Athenis
502 757 667 838 colebatur3
691 760 727 821 cl.
752 758 838 818 Paus.
862 758 887 816 ll
909 755 1012 838 10,6;
1035 754 1136 838 2115.
1166 756 1248 818 llanc

38 865 170 918 autem
198 860 292 937 ipsam
317 858 401 918 deam
425 859 540 918 tristem
559 857 663 917 Pheris
687 857 805 936 cultam,
829 874 904 935 quae
924 855 1012 916 modo
1031 855 1141 916 llecate
1160 856 1247 916 modo

38 956 254 1034 Proserpina
282 955 368 1015 modo
398 955 486 1015 Biana
515 954 729 1036 appellabatur,
761 951 1162 1033 hic—intellegendam'esse
1190 956 1248 1014 iarn

44 1053 244 1113 Loheolrius
267 1053 406 1132 Aglaoph.
430 1072 458 1132 p.
485 1050 570 1116 1213
594 1053 682 1133 uidit;
706 1054 741 1113 ol.
768 1050 888 1112 Preller.
913 1052 962 1112 Gr.
976 1052 1066 1130 Myth.
1090 1052 1102 1110 l
1126 1071 1154 1130 p.
1169 1050 1248 1134 2573

46 1149 142 1211 311.
195 1150 299 1229 Neque
323 1169 396 1212 uero
420 1168 484 1210 eam
508 1153 756 1230 semper*iratam
785 1152 960 1228 tristemque
989 1150 1080 1210 luisse
1109 1153 1248 1228 cognosci

47 1267 158 1327 posse
193 1252 259 1309 iure
289 1248 337 1308 ille
366 1247 446 1308 addit
475 1267 510 1307 ex
535 1241 739 1333 trepidetque,
769 1266 827 1327 quo
855 1248 1022 1308 Mercurius
1045 1267 1114 1308 cum
1137 1248 1247 1308 Hecate

50 1355 130 1406 tres
152 1347 240 1427 tilias,
263 1345 420 1426 Nymphas,
439 1348 578 1424 genuisse
597 1347 744 1427 tradatur,
767 1346 863 1407 Tzetz.
877 1345 1022 1425 Lycophr.
1037 1342 1111 1407 680.
1145 1345 1247 1425 ltaque

52 1465 127 1504 non
160 1444 358 1521 dubitandum
387 1463 452 1504 esse
486 1445 521 1504 de
550 1444 663 1525 Brimo,
696 1447 873 1523 praesertim
906 1462 975 1503 cum
1007 1443 1143 1504 codicum
1175 1444 1246 1504 illud

55 1539 179 1623 ‘satis',
204 1542 414 1620 corrigendum
429 1544 459 1602 in
475 1538 617 1622 ‘sanctis’,
632 1552 732 1620 aperte
748 1542 784 1601 ad
804 1541 886 1602 illum
901 1533 993 1622 ἱερὸν
1007 1537 1109 1620 λόγον
1124 1551 1247 1621 spectet.

55 1641 187 1701 Deinde
217 1640 409 1724 inserendum
439 1659 504 1700 esse
533 1635 585 1700 ‘et’
609 1649 677 1719 post
705 1635 877 1700 ‘Mercurio'
904 1673 941 1682 -
967 1640 1175 1719 Mercurioque
1199 1641 1248 1700 BV

61 1741 163 1799 metri
193 1738 352 1800 adiuuandi
381 1757 469 1812 eausa
495 1770 531 1780 -
559 1738 637 1817 quod
662 1746 784 1818 propter
808 1756 915 1798 uersus
939 1735 959 1798 9
984 1733 1036 1798 ‘et’
1065 1739 1169 1798 deesse
1197 1758 1247 1798 ne-

57 1845 177 1917 queat,
207 1855 294 1915 quam
323 1839 391 1896 rem'
415 1838 471 1896 iam
500 1835 706 1898 Lachmannus
735 1839 857 1896 monuit.
881 1836 1027 1897 —Haec
1054 1829 1150 1896 omnia
1178 1855 1247 1918 cum

60 1936 212 1994 ueritatis
241 1936 370 2013 speciem
398 1953 469 2013 prae
497 1953 529 1996 se
560 1935 638 1995 ferre
669 1935 741 1995 mihi
772 1934 943 2015 uideantur,
976 1942 1079 1995 contra
1111 1937 1247 1995 nituntur
1282 1943 1294 1962 ·

61 2033 229 2094 Palmerus
248 2042 278 2094 et
297 2032 504 2113 Baehrensius,
525 2035 576 2111 qui
595 2051 718 2112 prorsus
738 2033 793 2092 alia
812 2034 1036 2092 ratiocinatione
1056 2031 1137 2092 ducti
1157 2050 1247 2092 unam

63 2129 193 2190 ‹ltrohus
222 2130 267 2190 his
296 2130 431 2191 distichis
460 2129 586 2192 fabulam
611 2131 857 2209 comprehensam
881 2148 946 2190 esse
970 2141 1102 2190 censent·
1150 2123 1264 2209 Atque

63 2229 119 2288 ille
147 2228 268 2306 quidem
291 2228 404 2290 leniore
427 2226 539 2289 medela
558 2248 622 2288 rem
641 2247 785 2308 peragens
805 2247 873 2288 cum
893 2227 1062 2289 Burmanno
1086 2223 1245 2288 ‘Mercurio

67 2321 205 2386 Ossaeis’
230 2325 335 2387 scribit
357 2334 387 2386 et
415 2336 518 2406 poetae
543 2326 730 2387 obuersatam
754 2343 821 2386 esse
845 2325 941 2386 credit
968 2325 1095 2386 fabulam
1119 2326 1246 2405 aliquam

69 2424 270 2505 deperditam,
290 2444 365 2503 quae
380 2424 590 2485 lschomachen
606 2443 669 2486 rem
688 2423 827 2484 habuisse
847 2442 916 2484 curn
930 2424 1077 2485 Mercurio
1097 2425 1246 2509 proderet,

69 2523 137 2602 hic,
170 2541 237 2582 cum
267 2522 420 2602 Cynthiam
449 2526 614 2603 comparari
646 2542 733 2604 posse
765 2541 834 2583 cum
866 2523 953 2583 lurua
984 2521 1032 2582 illa
1063 2523 1117 2582 dea
1150 2533 1246 2606 neget,

73 2620 236 2681 uiolentius
260 2620 358 2681 locum
382 2629 512 2682 tractans
532 2622 588 2701 legi
608 2622 672 2683 uult
692 2617 777 2701 ‘Sera
795 2624 862 2682 uiro
882 2617 995 2704 sacris',
1019 2628 1051 2681 ut
1070 2621 1246 2701 depingatur

72 2719 161 2778 dulce
176 2718 248 2778 illud
262 2720 459 2800 desiderium,
471 2738 530 2798 quo
550 2721 668 2781 tandem
687 2719 784 2800 puella
803 2738 904 2780 amans
923 2728 991 2799 post
1005 2719 1096 2779 multa
1113 2719 1246 2798 pericula

73 2834 144 2876 cum
169 2818 233 2876 uiro
257 2820 422 2878 conueniat.
470 2817 527 2877 Sed
552 2820 577 2876 si
600 2818 672 2877 haec
696 2816 813 2895 probas,
838 2817 999 2877 maioribus
1022 2816 1246 2877 difficultatibus

77 2923 107 2974 te
127 2916 237 2975 irretiri
257 2918 354 2976 statim
375 2914 502 2994 uidebis,
527 2932 593 2972 nam
613 2914 691 2993 quod
715 2915 845 2991 primum
865 2922 967 2974 contra
986 2913 1154 2999 Palmerum
1177 2935 1244 2993 pro·

77 3013 231 3073 ferendum
253 3022 312 3092 est,
334 3029 459 3091 prorsus
482 3009 555 3069 nthl
578 3010 614 3070 de
637 3010 778 3070 Mercurii
801 3017 832 3069 et
855 3010 1060 3070 lsclromaches
1083 3011 1244 3073 concubitu

78 3118 179 3170 notum
211 3117 256 3169 est
284 3116 314 3168 et
341 3107 446 3167 deinde
475 3106 612 3166 uoculam
641 3102 693 3167 ‘et'
722 3109 845 3188 omittit,
877 3109 956 3186 quod
986 3109 1051 3168 lieri
1079 3110 1129 3168 trix
1155 3128 1242 3187 posse

78 3207 192 3269 duobus
206 3206 387 3285 argumentis
411 3203 597 3282 comprobari
613 3205 684 3266 mihi
698 3204 828 3266 uidetur.
865 3205 940 3276 Mauo
952 3225 1013 3271 non
1032 3206 1128 3267 solum
1142 3227 1196 3287 per
1211 3227 1243 3270 se

80 3457 176 3497 nornen
198 3438 291 3493 Brimo
315 3439 480 3509 accepisset,
510 3460 536 3495 u.
558 3447 589 3495 11
615 3457 648 3496 ex
672 3441 857 3497 deterioribus
881 3442 1023 3499 codicibus
1046 3441 1171 3498 restituit
1193 3461 1243 3514 pro

84 3518 171 3576 ‘satis'
192 3518 286 3588 ‘Sais'‚
302 3520 418 3575 Domitii
428 3519 570 3575 Calderini
584 3521 737 3589 inuentum,
753 3524 829 3591 quod
843 3540 907 3577 cnm
921 3523 1059 3579 Beroaldo
1073 3525 1108 3578 de
1118 3526 1244 3580 Minerua

84 3599 183 3660 Saitide
208 3600 417 3670 interpretatur.
461 3601 501 3654 At
527 3602 600 3658 hanc
628 3601 702 3656 male
730 3604 868 3671 quadrare
895 3605 931 3658 ad
960 3603 1123 3659 Thessaliae
1150 3604 1243 3659 lacum

85 3699 146 3736 uere
163 3680 295 3736 Graecum
316 3681 546 3737 Schneidewinus
570 3687 645 3739 recte
672 3687 769 3739 monet
794 3700 922 3752 nequeo
940 3700 1008 3738 nero
1031 3684 1144 3738 oberrat
1160 3686 1243 3740 Ross-

87 3761 188 3830 bergius
206 3761 435 3831 (Lucubrationes
454 3763 536 3832 Prop.
557 3767 650 3834 1817),
670 3764 718 3832 qui
737 3782 763 3833 p.
785 3770 816 3816 11
837 3765 906 3818 hoec
924 3764 1042 3832 profertz
1068 3763 1110 3818 ‘Si
1127 3781 1158 3818 re
1176 3783 1244 3819 uera

89 3842 153 3909 Sais,
170 3841 291 3897 Minerua
309 3842 359 3897 illa
377 3843 566 3912 Aegyptiace,
585 3843 675 3898 multo
694 3861 756 3897 eum
775 3841 941 3913 Proserpina
960 3843 1118 3898 communia
1135 3845 1243 3913 habuit,

89 3939 150 3976 num
167 3921 338 3992 Propertium
358 3940 391 3977 eo
410 3939 586 3992 progressum
601 3941 660 3978 esse
679 3925 818 3993 putemus,
836 3926 869 3977 ut
883 3923 968 3978 etiarn
987 3924 1016 3977 id
1034 3923 1149 3992 factum,
1169 3927 1242 3980 unde

91 4003 185 4057 Graece
202 4003 305 4064 Hecate
325 4002 383 4057 siue
402 4002 570 4072 Proserpina
589 4020 744 4072 cognomen
758 4005 854 4058 Brimo
871 4003 987 4072 inuenit,
1006 4003 1036 4056 in
1055 4004 1135 4058 deam
1151 4007 1242 4075 Aegy-

90 4082 198 4152 ptiacam
216 4081 419 4138 transtuleritt'
451 4084 601 4139 Praeterea
614 4083 644 4137 in
657 4084 771 4138 nomine
785 4083 835 4137 illo
851 4082 960 4150 syMabo
972 4083 1064 4153 prima
1078 4102 1133 4140 non
1147 4090 1243 4154 potest

92 4179 144 4218 esse
161 4162 297 4231 producta,
316 4163 389 4216 unde
409 4164 474 4217 Luc.
494 4161 645 4218 Muellerus
665 4164 779 4233 scripsit
798 4163 1002 4232 ‘Mercurioque
1022 4165 1104 4219 Sais’.
1139 4163 1241 4221 Actum

92 4243 217 4312 igiturest
230 4243 264 4297 de
278 4243 455 4312 Hertzbergii
473 4243 602 4311 lectione,
622 4262 677 4312 qua.
690 4244 751 4313 ipse
770 4261 870 4313 parum
884 4245 1022 4300 confidere
1039 4243 1158 4312 uidetur,
1178 4263 1242 4300 cum

94 4323 178 4377 addet:
200 4322 232 4376 ‘si
250 4321 279 4375 in
298 4322 383 4376 tantis
402 4323 523 4382 tenebris
542 4322 674 4378 hariolari
699 4323 867 4392 quidnobis
890 4342 1001 4395 qnoque
1024 4325 1121 4391 liceat,
1147 4324 1238 4381 ‘Nais'

94 4401 225 4458 rescribere
247 4401 359 4470 uelim’3
384 4405 515 4471 quodne
539 4403 631 4473 ipsum
656 4404 769 4471 quidem
792 4408 867 4460 stare
890 4423 972 4476 posse
995 4406 1071 4460 idem
1091 4405 1241 4461 Schneide-

95 4484 169 4538 winus
185 4482 309 4538 ostendit.
