<?xml version="1.0" encoding="UTF-8"?>
<!DOCTYPE html PUBLIC "-//W3C//DTD XHTML 1.0 Transitional//EN"
    "http://www.w3.org/TR/xhtml1/DTD/xhtml1-transitional.dtd">
<html xmlns="http://www.w3.org/1999/xhtml" xml:lang="en" lang="en">
 <head>
  <title>
</title>
<meta http-equiv="Content-Type" content="text/html;charset=utf-8" />
  <meta name='ocr-system' content='tesseract 3.04.00' />
  <meta name='ocr-capabilities' content='ocr_page ocr_carea ocr_par ocr_line ocrx_word'/>
</head>
<body>
  <div class='ocr_page' id='page_1' title='image "./decodicibusprop00solbgoog_0053.png"; bbox 0 0 3067 5042; ppageno 0'>
   <div class='ocr_carea' id='block_1_1' title="bbox 546 404 785 469">
    <p class='ocr_par' dir='ltr' id='par_1_1' title="bbox 546 404 785 469">
     <span class='ocr_line' id='line_1_1' title="bbox 546 404 785 469; baseline 0.008 -2"><span class='ocrx_word' id='word_1_1' title='bbox 546 404 785 469; x_wconf 76' lang='lat'>-175—</span> 
     </span>
    </p>
   </div>
   <div class='ocr_carea' id='block_1_2' title="bbox 27 566 1252 1332">
    <p class='ocr_par' dir='ltr' id='par_1_2' title="bbox 27 566 1252 1332">
     <span class='ocr_line' id='line_1_2' title="bbox 55 566 1251 648; baseline 0.001 -23"><span class='ocrx_word' id='word_1_2' title='bbox 55 570 153 644; x_wconf 80' lang='lat' dir='ltr'>ipsae</span> <span class='ocrx_word' id='word_1_3' title='bbox 189 568 308 646; x_wconf 86' lang='lat' dir='ltr'><strong>quidem</strong></span> <span class='ocrx_word' id='word_1_4' title='bbox 337 568 481 627; x_wconf 91' lang='lat' dir='ltr'><strong>eiusmodi</strong></span> <span class='ocrx_word' id='word_1_5' title='bbox 506 577 589 648; x_wconf 89' lang='lat' dir='ltr'><strong>sunt,</strong></span> <span class='ocrx_word' id='word_1_6' title='bbox 618 577 650 627; x_wconf 89' lang='lat' dir='ltr'><strong>nt</strong></span> <span class='ocrx_word' id='word_1_7' title='bbox 677 567 737 628; x_wconf 81' lang='lat' dir='ltr'><strong>ulla</strong></span> <span class='ocrx_word' id='word_1_8' title='bbox 762 567 968 646; x_wconf 73' lang='lat' dir='ltr'><strong>probabilitate</strong></span> <span class='ocrx_word' id='word_1_9' title='bbox 997 566 1251 629; x_wconf 79' lang='lat' dir='ltr'><strong>commendentur.</strong></span> 
     </span>
     <span class='ocr_line' id='line_1_3' title="bbox 27 660 1252 774; baseline 0.002 -52"><span class='ocrx_word' id='word_1_10' title='bbox 27 709 29 774; x_wconf 79' lang='lat'><strong>,</strong></span> <span class='ocrx_word' id='word_1_11' title='bbox 54 664 140 724; x_wconf 89' lang='lat' dir='ltr'><strong>Nam</strong></span> <span class='ocrx_word' id='word_1_12' title='bbox 174 665 218 746; x_wconf 90' lang='lat' dir='ltr'><strong>id,</strong></span> <span class='ocrx_word' id='word_1_13' title='bbox 246 666 325 744; x_wconf 89' lang='lat' dir='ltr'><strong>qnod</strong></span> <span class='ocrx_word' id='word_1_14' title='bbox 349 665 409 725; x_wconf 86' lang='lat' dir='ltr'><strong>Leo</strong></span> <span class='ocrx_word' id='word_1_15' title='bbox 432 666 585 745; x_wconf 80' lang='lat' dir='ltr'><strong>proponit:</strong></span> <span class='ocrx_word' id='word_1_16' title='bbox 615 660 702 725; x_wconf 80' lang='lat' dir='ltr'><strong>‘Num</strong></span> <span class='ocrx_word' id='word_1_17' title='bbox 727 673 824 725; x_wconf 88' lang='lat' dir='ltr'><strong>tamen</strong></span> <span class='ocrx_word' id='word_1_18' title='bbox 852 661 1013 744; x_wconf 83' lang='lat' dir='ltr'><strong>ingredior&#39;</strong></span> <span class='ocrx_word' id='word_1_19' title='bbox 1038 674 1068 726; x_wconf 85' lang='lat' dir='ltr'><strong>et</strong></span> <span class='ocrx_word' id='word_1_20' title='bbox 1094 674 1252 745; x_wconf 90' lang='lat' dir='ltr'><strong>propterea</strong></span> 
     </span>
     <span class='ocr_line' id='line_1_4' title="bbox 27 762 1252 845; baseline -0.001 -21"><span class='ocrx_word' id='word_1_21' title='bbox 27 779 29 824; x_wconf 86' lang='lat' dir='ltr'><strong>t</strong></span> <span class='ocrx_word' id='word_1_22' title='bbox 54 762 223 845; x_wconf 86' lang='lat' dir='ltr'><strong>displicet,</strong></span> <span class='ocrx_word' id='word_1_23' title='bbox 248 763 325 842; x_wconf 91' lang='lat' dir='ltr'><strong>quod</strong></span> <span class='ocrx_word' id='word_1_24' title='bbox 350 772 437 842; x_wconf 86' lang='lat' dir='ltr'><strong>poeta</strong></span> <span class='ocrx_word' id='word_1_25' title='bbox 456 766 520 823; x_wconf 91' lang='lat' dir='ltr'><strong>sine</strong></span> <span class='ocrx_word' id='word_1_26' title='bbox 539 766 615 822; x_wconf 86' lang='lat' dir='ltr'><strong>iusta</strong></span> <span class='ocrx_word' id='word_1_27' title='bbox 635 782 722 823; x_wconf 89' lang='lat' dir='ltr'><strong>causa</strong></span> <span class='ocrx_word' id='word_1_28' title='bbox 742 766 892 842; x_wconf 85' lang='lat' dir='ltr'><strong>seipsum</strong></span> <span class='ocrx_word' id='word_1_29' title='bbox 911 763 1073 842; x_wconf 88' lang='lat' dir='ltr'><strong>adloquens</strong></span> <span class='ocrx_word' id='word_1_30' title='bbox 1092 764 1252 843; x_wconf 78' lang='lat' dir='ltr'><strong>inducitur,</strong></span> 
     </span>
     <span class='ocr_line' id='line_1_5' title="bbox 27 831 1252 940; baseline 0.002 -22"><span class='ocrx_word' id='word_1_31' title='bbox 27 831 28 888; x_wconf 47' lang='lat' dir='ltr'><strong>l</strong></span> <span class='ocrx_word' id='word_1_32' title='bbox 54 867 86 919; x_wconf 91' lang='lat' dir='ltr'><strong>et</strong></span> <span class='ocrx_word' id='word_1_33' title='bbox 118 864 201 938; x_wconf 89' lang='lat' dir='ltr'><strong>quia</strong></span> <span class='ocrx_word' id='word_1_34' title='bbox 225 864 291 921; x_wconf 91' lang='lat' dir='ltr'><strong>neri</strong></span> <span class='ocrx_word' id='word_1_35' title='bbox 313 880 418 940; x_wconf 91' lang='lat' dir='ltr'><strong>parum</strong></span> <span class='ocrx_word' id='word_1_36' title='bbox 443 869 489 922; x_wconf 85' lang='lat' dir='ltr'><strong>est</strong></span> <span class='ocrx_word' id='word_1_37' title='bbox 512 860 606 920; x_wconf 91' lang='lat' dir='ltr'><strong>simile</strong></span> <span class='ocrx_word' id='word_1_38' title='bbox 629 893 667 904; x_wconf 84' lang='lat'><strong>-—</strong></span> <span class='ocrx_word' id='word_1_39' title='bbox 693 861 820 922; x_wconf 91' lang='lat' dir='ltr'><strong>uerbum</strong></span> <span class='ocrx_word' id='word_1_40' title='bbox 845 864 924 921; x_wconf 87' lang='lat' dir='ltr'><strong>enim</strong></span> <span class='ocrx_word' id='word_1_41' title='bbox 948 861 1135 922; x_wconf 88' lang='lat' dir='ltr'><strong>desideratur</strong></span> <span class='ocrx_word' id='word_1_42' title='bbox 1156 897 1193 905; x_wconf 86' lang='lat'>-</span> <span class='ocrx_word' id='word_1_43' title='bbox 1216 881 1252 922; x_wconf 84' lang='lat' dir='ltr'><strong>ex</strong></span> 
     </span>
     <span class='ocr_line' id='line_1_6' title="bbox 55 953 1251 1041; baseline 0.001 -23"><span class='ocrx_word' id='word_1_44' title='bbox 55 953 252 1037; x_wconf 75' lang='lat' dir='ltr'><strong>‘ingredior&#39;</strong></span> <span class='ocrx_word' id='word_1_45' title='bbox 277 960 451 1021; x_wconf 89' lang='lat' dir='ltr'><strong>aduerbium</strong></span> <span class='ocrx_word' id='word_1_46' title='bbox 472 955 764 1021; x_wconf 68' lang='lat' dir='ltr'><strong>‘immerito&#39;natum</strong></span> <span class='ocrx_word' id='word_1_47' title='bbox 785 979 859 1020; x_wconf 88' lang='lat' dir='ltr'><strong>esse.</strong></span> <span class='ocrx_word' id='word_1_48' title='bbox 896 959 934 1020; x_wconf 84' lang='lat' dir='ltr'><strong>Et</strong></span> <span class='ocrx_word' id='word_1_49' title='bbox 953 960 1111 1041; x_wconf 90' lang='lat' dir='ltr'><strong>quomodo,</strong></span> <span class='ocrx_word' id='word_1_50' title='bbox 1132 978 1251 1039; x_wconf 81' lang='lat' dir='ltr'><strong>quaeso,</strong></span> 
     </span>
     <span class='ocr_line' id='line_1_7' title="bbox 55 1055 1251 1138; baseline 0.002 -23"><span class='ocrx_word' id='word_1_51' title='bbox 55 1057 213 1117; x_wconf 86' lang='lat' dir='ltr'><strong>codicum</strong></span> <span class='ocrx_word' id='word_1_52' title='bbox 238 1056 320 1116; x_wconf 85' lang='lat' dir='ltr'><strong>DVF</strong></span> <span class='ocrx_word' id='word_1_53' title='bbox 344 1056 432 1118; x_wconf 88' lang='lat' dir='ltr'><strong>lectio</strong></span> <span class='ocrx_word' id='word_1_54' title='bbox 457 1059 529 1118; x_wconf 90' lang='lat' dir='ltr'><strong>oriri</strong></span> <span class='ocrx_word' id='word_1_55' title='bbox 552 1060 659 1138; x_wconf 90' lang='lat' dir='ltr'><strong>potuit,</strong></span> <span class='ocrx_word' id='word_1_56' title='bbox 682 1058 708 1118; x_wconf 89' lang='lat' dir='ltr'><strong>si</strong></span> <span class='ocrx_word' id='word_1_57' title='bbox 731 1057 779 1117; x_wconf 92' lang='lat' dir='ltr'><strong>illa</strong></span> <span class='ocrx_word' id='word_1_58' title='bbox 803 1059 931 1136; x_wconf 81' lang='lat' dir='ltr'><strong>genuina</strong></span> <span class='ocrx_word' id='word_1_59' title='bbox 950 1055 1052 1118; x_wconf 80' lang='lat' dir='ltr'><strong>esset?</strong></span> <span class='ocrx_word' id='word_1_60' title='bbox 1088 1057 1162 1117; x_wconf 90' lang='lat' dir='ltr'><strong>ltem</strong></span> <span class='ocrx_word' id='word_1_61' title='bbox 1180 1071 1251 1136; x_wconf 76' lang='lat' dir='ltr'><strong>con·-</strong></span> 
     </span>
     <span class='ocr_line' id='line_1_8' title="bbox 56 1154 1252 1235; baseline 0.002 -23"><span class='ocrx_word' id='word_1_62' title='bbox 56 1156 191 1215; x_wconf 87' lang='lat' dir='ltr'><strong>iectura</strong></span> <span class='ocrx_word' id='word_1_63' title='bbox 210 1154 344 1216; x_wconf 88' lang='lat' dir='ltr'><strong>Brandtii</strong></span> <span class='ocrx_word' id='word_1_64' title='bbox 363 1156 518 1217; x_wconf 78' lang='lat' dir='ltr'><strong>refutanda</strong></span> <span class='ocrx_word' id='word_1_65' title='bbox 534 1155 606 1216; x_wconf 92' lang='lat' dir='ltr'><strong>mihi</strong></span> <span class='ocrx_word' id='word_1_66' title='bbox 621 1155 749 1234; x_wconf 89' lang='lat' dir='ltr'><strong>uidetur,</strong></span> <span class='ocrx_word' id='word_1_67' title='bbox 764 1158 816 1234; x_wconf 89' lang='lat' dir='ltr'><strong>qui</strong></span> <span class='ocrx_word' id='word_1_68' title='bbox 832 1174 889 1215; x_wconf 93' lang='lat' dir='ltr'><strong>non</strong></span> <span class='ocrx_word' id='word_1_69' title='bbox 904 1157 1004 1234; x_wconf 91' lang='lat' dir='ltr'><strong>priore</strong></span> <span class='ocrx_word' id='word_1_70' title='bbox 1019 1155 1071 1216; x_wconf 93' lang='lat' dir='ltr'><strong>sed</strong></span> <span class='ocrx_word' id='word_1_71' title='bbox 1086 1158 1252 1235; x_wconf 88' lang='lat' dir='ltr'><strong>posteriore</strong></span> 
     </span>
     <span class='ocr_line' id='line_1_9' title="bbox 57 1247 933 1332; baseline 0.003 -21"><span class='ocrx_word' id='word_1_72' title='bbox 57 1247 183 1314; x_wconf 82' lang='lat' dir='ltr'><strong>‘nunc&#39;</strong></span> <span class='ocrx_word' id='word_1_73' title='bbox 206 1273 261 1332; x_wconf 93' lang='lat' dir='ltr'><strong>pro</strong></span> <span class='ocrx_word' id='word_1_74' title='bbox 285 1264 427 1332; x_wconf 87' lang='lat' dir='ltr'><strong>corrupto</strong></span> <span class='ocrx_word' id='word_1_75' title='bbox 451 1254 550 1314; x_wconf 87' lang='lat' dir='ltr'><strong>hahita</strong></span> <span class='ocrx_word' id='word_1_76' title='bbox 575 1255 794 1314; x_wconf 89' lang='lat' dir='ltr'><strong>restituendum</strong></span> <span class='ocrx_word' id='word_1_77' title='bbox 817 1262 933 1315; x_wconf 89' lang='lat' dir='ltr'><strong>censet:</strong></span> 
     </span>
    </p>
   </div>
   <div class='ocr_carea' id='block_1_3' title="bbox 237 1373 1121 1460">
    <p class='ocr_par' dir='ltr' id='par_1_3' title="bbox 237 1373 1121 1460">
     <span class='ocr_line' id='line_1_10' title="bbox 237 1373 1121 1460; baseline -0.001 -22"><span class='ocrx_word' id='word_1_78' title='bbox 237 1377 322 1439; x_wconf 91' lang='lat' dir='ltr'><strong>Nunc</strong></span> <span class='ocrx_word' id='word_1_79' title='bbox 346 1387 443 1438; x_wconf 89' lang='lat' dir='ltr'><strong>tamen</strong></span> <span class='ocrx_word' id='word_1_80' title='bbox 469 1373 657 1460; x_wconf 85' lang='lat' dir='ltr'><strong>(immeritol)</strong></span> <span class='ocrx_word' id='word_1_81' title='bbox 683 1378 825 1457; x_wconf 80' lang='lat' dir='ltr'><strong>Phrygias</strong></span> <span class='ocrx_word' id='word_1_82' title='bbox 847 1387 951 1457; x_wconf 88' lang='lat' dir='ltr'><strong>potes</strong></span> <span class='ocrx_word' id='word_1_83' title='bbox 974 1381 1018 1437; x_wconf 92' lang='lat' dir='ltr'><strong>ire</strong></span> <span class='ocrx_word' id='word_1_84' title='bbox 1042 1398 1069 1456; x_wconf 89' lang='lat' dir='ltr'><strong>p.</strong></span> <span class='ocrx_word' id='word_1_85' title='bbox 1093 1397 1121 1438; x_wconf 92' lang='lat' dir='ltr'><strong>n.</strong></span> 
     </span>
    </p>
   </div>
   <div class='ocr_carea' id='block_1_4' title="bbox 27 1499 1296 2268">
    <p class='ocr_par' dir='ltr' id='par_1_4' title="bbox 27 1499 1296 2268">
     <span class='ocr_line' id='line_1_11' title="bbox 56 1499 1250 1582; baseline 0.001 -22"><span class='ocrx_word' id='word_1_86' title='bbox 56 1501 147 1560; x_wconf 89' lang='lat' dir='ltr'><strong>Nam</strong></span> <span class='ocrx_word' id='word_1_87' title='bbox 174 1521 242 1562; x_wconf 75' lang='lat' dir='ltr'><strong>crum</strong></span> <span class='ocrx_word' id='word_1_88' title='bbox 266 1503 391 1563; x_wconf 90' lang='lat' dir='ltr'><strong>alterum</strong></span> <span class='ocrx_word' id='word_1_89' title='bbox 415 1499 523 1563; x_wconf 69' lang='lat' dir='ltr'><strong>‘nune&#39;</strong></span> <span class='ocrx_word' id='word_1_90' title='bbox 548 1507 577 1563; x_wconf 93' lang='lat' dir='ltr'><strong>in</strong></span> <span class='ocrx_word' id='word_1_91' title='bbox 601 1501 739 1563; x_wconf 90' lang='lat' dir='ltr'><strong>omnibus</strong></span> <span class='ocrx_word' id='word_1_92' title='bbox 763 1503 847 1563; x_wconf 90' lang='lat' dir='ltr'><strong>codd.</strong></span> <span class='ocrx_word' id='word_1_93' title='bbox 871 1507 1021 1582; x_wconf 85' lang='lat' dir='ltr'><strong>integrum</strong></span> <span class='ocrx_word' id='word_1_94' title='bbox 1045 1505 1083 1563; x_wconf 93' lang='lat' dir='ltr'><strong>sit</strong></span> <span class='ocrx_word' id='word_1_95' title='bbox 1109 1511 1196 1580; x_wconf 87' lang='lat' dir='ltr'><strong>atque</strong></span> <span class='ocrx_word' id='word_1_96' title='bbox 1220 1505 1250 1561; x_wconf 92' lang='lat' dir='ltr'><strong>in</strong></span> 
     </span>
     <span class='ocr_line' id='line_1_12' title="bbox 57 1600 1253 1680; baseline 0.003 -23"><span class='ocrx_word' id='word_1_97' title='bbox 57 1601 161 1659; x_wconf 88' lang='lat' dir='ltr'><strong>initio</strong></span> <span class='ocrx_word' id='word_1_98' title='bbox 186 1619 293 1661; x_wconf 89' lang='lat' dir='ltr'><strong>uersus</strong></span> <span class='ocrx_word' id='word_1_99' title='bbox 322 1601 396 1660; x_wconf 87' lang='lat' dir='ltr'><strong>tales</strong></span> <span class='ocrx_word' id='word_1_100' title='bbox 419 1601 543 1661; x_wconf 90' lang='lat' dir='ltr'><strong>uoculae</strong></span> <span class='ocrx_word' id='word_1_101' title='bbox 568 1605 685 1679; x_wconf 88' lang='lat' dir='ltr'><strong>saepius</strong></span> <span class='ocrx_word' id='word_1_102' title='bbox 713 1619 801 1680; x_wconf 89' lang='lat' dir='ltr'><strong>quam</strong></span> <span class='ocrx_word' id='word_1_103' title='bbox 825 1603 856 1660; x_wconf 90' lang='lat' dir='ltr'><strong>in</strong></span> <span class='ocrx_word' id='word_1_104' title='bbox 880 1600 977 1660; x_wconf 90' lang='lat' dir='ltr'><strong>medio</strong></span> <span class='ocrx_word' id='word_1_105' title='bbox 1001 1609 1158 1680; x_wconf 76' lang='lat' dir='ltr'><strong>corruptae</strong></span> <span class='ocrx_word' id='word_1_106' title='bbox 1183 1603 1253 1678; x_wconf 91' lang='lat' dir='ltr'><strong>sint,</strong></span> 
     </span>
     <span class='ocr_line' id='line_1_13' title="bbox 57 1698 1296 1784; baseline 0.002 -30"><span class='ocrx_word' id='word_1_107' title='bbox 57 1714 165 1756; x_wconf 88' lang='lat' dir='ltr'><strong>sanae</strong></span> <span class='ocrx_word' id='word_1_108' title='bbox 185 1701 257 1757; x_wconf 90' lang='lat' dir='ltr'><strong>artis</strong></span> <span class='ocrx_word' id='word_1_109' title='bbox 277 1709 433 1778; x_wconf 87' lang='lat' dir='ltr'><strong>praecepta</strong></span> <span class='ocrx_word' id='word_1_110' title='bbox 454 1699 588 1780; x_wconf 79' lang='lat' dir='ltr'><strong>suadent,</strong></span> <span class='ocrx_word' id='word_1_111' title='bbox 602 1707 635 1762; x_wconf 91' lang='lat' dir='ltr'><strong>ut</strong></span> <span class='ocrx_word' id='word_1_112' title='bbox 650 1719 736 1760; x_wconf 89' lang='lat' dir='ltr'><strong>secus</strong></span> <span class='ocrx_word' id='word_1_113' title='bbox 755 1700 929 1784; x_wconf 88' lang='lat' dir='ltr'><strong>iudicemus.</strong></span> <span class='ocrx_word' id='word_1_114' title='bbox 962 1698 1118 1759; x_wconf 90' lang='lat' dir='ltr'><strong>Praeterea</strong></span> <span class='ocrx_word' id='word_1_115' title='bbox 1134 1716 1251 1779; x_wconf 90' lang='lat' dir='ltr'><strong>uereor,</strong></span> <span class='ocrx_word' id='word_1_116' title='bbox 1292 1737 1296 1743; x_wconf 65' lang='grc'><em>»</em></span> 
     </span>
     <span class='ocr_line' id='line_1_14' title="bbox 59 1793 1251 1876; baseline 0.003 -24"><span class='ocrx_word' id='word_1_117' title='bbox 59 1804 97 1852; x_wconf 91' lang='lat' dir='ltr'><strong>ut</strong></span> <span class='ocrx_word' id='word_1_118' title='bbox 124 1795 268 1856; x_wconf 88' lang='lat' dir='ltr'><strong>omnibus</strong></span> <span class='ocrx_word' id='word_1_119' title='bbox 293 1797 468 1875; x_wconf 89' lang='lat' dir='ltr'><strong>persuadeat</strong></span> <span class='ocrx_word' id='word_1_120' title='bbox 487 1797 558 1857; x_wconf 92' lang='lat' dir='ltr'><strong>illud</strong></span> <span class='ocrx_word' id='word_1_121' title='bbox 578 1800 662 1876; x_wconf 88' lang='lat' dir='ltr'><strong>prius</strong></span> <span class='ocrx_word' id='word_1_122' title='bbox 682 1793 786 1858; x_wconf 74' lang='lat' dir='ltr'><strong>‘nnnc&#39;</strong></span> <span class='ocrx_word' id='word_1_123' title='bbox 806 1801 846 1858; x_wconf 83' lang='lat' dir='ltr'><strong>ita</strong></span> <span class='ocrx_word' id='word_1_124' title='bbox 866 1797 1006 1876; x_wconf 85' lang='lat' dir='ltr'><strong>explicari</strong></span> <span class='ocrx_word' id='word_1_125' title='bbox 1023 1814 1126 1875; x_wconf 89' lang='lat' dir='ltr'><strong>posse:</strong></span> <span class='ocrx_word' id='word_1_126' title='bbox 1150 1815 1251 1874; x_wconf 87' lang='lat' dir='ltr'><strong>quam-</strong></span> 
     </span>
     <span class='ocr_line' id='line_1_15' title="bbox 27 1894 1251 1977; baseline 0.001 -26"><span class='ocrx_word' id='word_1_127' title='bbox 27 1937 28 1962; x_wconf 67' lang='lat'><strong>,</strong></span> <span class='ocrx_word' id='word_1_128' title='bbox 58 1911 166 1970; x_wconf 90' lang='lat' dir='ltr'><strong>quam</strong></span> <span class='ocrx_word' id='word_1_129' title='bbox 186 1901 215 1953; x_wconf 88' lang='lat' dir='ltr'><strong>te</strong></span> <span class='ocrx_word' id='word_1_130' title='bbox 235 1904 293 1953; x_wconf 91' lang='lat' dir='ltr'><strong>tam</strong></span> <span class='ocrx_word' id='word_1_131' title='bbox 313 1894 418 1954; x_wconf 87' lang='lat' dir='ltr'><strong>blande</strong></span> <span class='ocrx_word' id='word_1_132' title='bbox 434 1895 538 1977; x_wconf 90' lang='lat' dir='ltr'><strong>allicio,</strong></span> <span class='ocrx_word' id='word_1_133' title='bbox 558 1905 589 1956; x_wconf 94' lang='lat' dir='ltr'><strong>tu</strong></span> <span class='ocrx_word' id='word_1_134' title='bbox 610 1903 708 1954; x_wconf 90' lang='lat' dir='ltr'><strong>tamen</strong></span> <span class='ocrx_word' id='word_1_135' title='bbox 728 1915 789 1974; x_wconf 84' lang='lat' dir='ltr'><strong>eqs</strong></span> <span class='ocrx_word' id='word_1_136' title='bbox 827 1894 906 1954; x_wconf 89' lang='lat' dir='ltr'><strong>Haec</strong></span> <span class='ocrx_word' id='word_1_137' title='bbox 922 1897 1020 1953; x_wconf 93' lang='lat' dir='ltr'><strong>omnia</strong></span> <span class='ocrx_word' id='word_1_138' title='bbox 1039 1896 1064 1952; x_wconf 93' lang='lat' dir='ltr'><strong>si</strong></span> <span class='ocrx_word' id='word_1_139' title='bbox 1083 1896 1251 1954; x_wconf 81' lang='lat' dir='ltr'><strong>accuratius</strong></span> 
     </span>
     <span class='ocr_line' id='line_1_16' title="bbox 27 1990 1250 2074; baseline 0.001 -26"><span class='ocrx_word' id='word_1_140' title='bbox 27 1995 28 2074; x_wconf 69' lang='lat' dir='ltr'>f</span> <span class='ocrx_word' id='word_1_141' title='bbox 58 1992 282 2073; x_wconf 76' lang='lat' dir='ltr'><strong>perpenderiS,</strong></span> <span class='ocrx_word' id='word_1_142' title='bbox 302 2007 355 2051; x_wconf 92' lang='lat' dir='ltr'><strong>nos</strong></span> <span class='ocrx_word' id='word_1_143' title='bbox 375 2012 435 2052; x_wconf 91' lang='lat' dir='ltr'><strong>non</strong></span> <span class='ocrx_word' id='word_1_144' title='bbox 455 1993 550 2053; x_wconf 90' lang='lat' dir='ltr'><strong>solnm</strong></span> <span class='ocrx_word' id='word_1_145' title='bbox 571 2011 629 2052; x_wconf 94' lang='lat' dir='ltr'><strong>non</strong></span> <span class='ocrx_word' id='word_1_146' title='bbox 649 1996 714 2071; x_wconf 86' lang='lat' dir='ltr'><strong>cogi</strong></span> <span class='ocrx_word' id='word_1_147' title='bbox 734 1994 871 2053; x_wconf 89' lang='lat' dir='ltr'><strong>codicum</strong></span> <span class='ocrx_word' id='word_1_148' title='bbox 891 1990 971 2071; x_wconf 80' lang='lat' dir='ltr'><strong>DVF</strong></span> <span class='ocrx_word' id='word_1_149' title='bbox 991 1990 1148 2050; x_wconf 89' lang='lat' dir='ltr'><strong>lectionem</strong></span> <span class='ocrx_word' id='word_1_150' title='bbox 1165 2009 1250 2069; x_wconf 92' lang='lat' dir='ltr'><strong>pror·</strong></span> 
     </span>
     <span class='ocr_line' id='line_1_17' title="bbox 27 2087 1250 2170; baseline 0.002 -24"><span class='ocrx_word' id='word_1_151' title='bbox 27 2087 28 2104; x_wconf 72' lang='lat'><em>²</em></span> <span class='ocrx_word' id='word_1_152' title='bbox 60 2106 123 2147; x_wconf 87' lang='lat' dir='ltr'><strong>sus</strong></span> <span class='ocrx_word' id='word_1_153' title='bbox 143 2087 271 2170; x_wconf 88' lang='lat' dir='ltr'><strong>abicere,</strong></span> <span class='ocrx_word' id='word_1_154' title='bbox 288 2091 339 2150; x_wconf 91' lang='lat' dir='ltr'><strong>sed</strong></span> <span class='ocrx_word' id='word_1_155' title='bbox 356 2093 443 2152; x_wconf 90' lang='lat' dir='ltr'><strong>etiam</strong></span> <span class='ocrx_word' id='word_1_156' title='bbox 459 2092 530 2150; x_wconf 89' lang='lat' dir='ltr'><strong>satis</strong></span> <span class='ocrx_word' id='word_1_157' title='bbox 550 2109 614 2150; x_wconf 89' lang='lat' dir='ltr'><strong>esse</strong></span> <span class='ocrx_word' id='word_1_158' title='bbox 635 2109 742 2151; x_wconf 88' lang='lat' dir='ltr'><strong>causae</strong></span> <span class='ocrx_word' id='word_1_159' title='bbox 761 2090 916 2169; x_wconf 86' lang='lat' dir='ltr'><strong>concedes,</strong></span> <span class='ocrx_word' id='word_1_160' title='bbox 936 2107 990 2148; x_wconf 91' lang='lat' dir='ltr'><strong>cur</strong></span> <span class='ocrx_word' id='word_1_161' title='bbox 1009 2107 1074 2148; x_wconf 91' lang='lat' dir='ltr'><strong>eam</strong></span> <span class='ocrx_word' id='word_1_162' title='bbox 1093 2090 1250 2166; x_wconf 81' lang='lat' dir='ltr'><strong>genuinam</strong></span> 
     </span>
     <span class='ocr_line' id='line_1_18' title="bbox 59 2185 1130 2268; baseline 0.003 -26"><span class='ocrx_word' id='word_1_163' title='bbox 59 2185 247 2268; x_wconf 80' lang='lat' dir='ltr'><strong>lrabeamuS,</strong></span> <span class='ocrx_word' id='word_1_164' title='bbox 271 2188 392 2248; x_wconf 91' lang='lat' dir='ltr'><strong>alteram</strong></span> <span class='ocrx_word' id='word_1_165' title='bbox 415 2188 599 2267; x_wconf 83' lang='lat' dir='ltr'><strong>Neapolitani</strong></span> <span class='ocrx_word' id='word_1_166' title='bbox 624 2196 657 2248; x_wconf 87' lang='lat' dir='ltr'><strong>ut</strong></span> <span class='ocrx_word' id='word_1_167' title='bbox 681 2207 783 2248; x_wconf 91' lang='lat' dir='ltr'><strong>errore</strong></span> <span class='ocrx_word' id='word_1_168' title='bbox 807 2196 903 2248; x_wconf 90' lang='lat' dir='ltr'><strong>natam</strong></span> <span class='ocrx_word' id='word_1_169' title='bbox 928 2187 1130 2265; x_wconf 70' lang='lat' dir='ltr'><strong>spernamus*</strong></span> 
     </span>
    </p>
   </div>
   <div class='ocr_carea' id='block_1_5' title="bbox 27 2302 1113 2489">
    <p class='ocr_par' dir='ltr' id='par_1_5' title="bbox 27 2302 1113 2489">
     <span class='ocr_line' id='line_1_19' title="bbox 27 2302 1063 2392; baseline 0.001 -24"><span class='ocrx_word' id='word_1_170' title='bbox 27 2302 42 2368; x_wconf 67' lang='lat' dir='ltr'><strong>{l</strong></span> <span class='ocrx_word' id='word_1_171' title='bbox 60 2311 90 2370; x_wconf 91' lang='lat' dir='ltr'><strong>ll</strong></span> <span class='ocrx_word' id='word_1_172' title='bbox 111 2310 170 2392; x_wconf 75' lang='lat'><strong>32,</strong></span> <span class='ocrx_word' id='word_1_173' title='bbox 186 2309 242 2373; x_wconf 83' lang='lat'><strong>33:</strong></span> <span class='ocrx_word' id='word_1_174' title='bbox 265 2313 331 2391; x_wconf 92' lang='lat' dir='ltr'><strong>lpsa</strong></span> <span class='ocrx_word' id='word_1_175' title='bbox 355 2313 454 2373; x_wconf 90' lang='lat' dir='ltr'><strong>Venus</strong></span> <span class='ocrx_word' id='word_1_176' title='bbox 479 2315 614 2391; x_wconf 86' lang='lat' dir='ltr'><strong>quamuis</strong></span> <span class='ocrx_word' id='word_1_177' title='bbox 638 2321 779 2391; x_wconf 89' lang='lat' dir='ltr'><strong>corrupta</strong></span> <span class='ocrx_word' id='word_1_178' title='bbox 801 2307 1063 2390; x_wconf 58' lang='lat' dir='ltr'><strong>libidine‘Martis,</strong></span> 
     </span>
     <span class='ocr_line' id='line_1_20' title="bbox 27 2369 1113 2489; baseline -0.003 -18"><span class='ocrx_word' id='word_1_179' title='bbox 27 2369 29 2436; x_wconf 47' lang='lat' dir='ltr'><strong>l</strong></span> <span class='ocrx_word' id='word_1_180' title='bbox 303 2411 364 2470; x_wconf 91' lang='lat' dir='ltr'><strong>Nec</strong></span> <span class='ocrx_word' id='word_1_181' title='bbox 389 2414 487 2471; x_wconf 85' lang='lat' dir='ltr'><strong>minus</strong></span> <span class='ocrx_word' id='word_1_182' title='bbox 509 2413 540 2470; x_wconf 91' lang='lat' dir='ltr'><strong>in</strong></span> <span class='ocrx_word' id='word_1_183' title='bbox 564 2410 645 2470; x_wconf 89' lang='lat' dir='ltr'><strong>caelo</strong></span> <span class='ocrx_word' id='word_1_184' title='bbox 669 2428 788 2489; x_wconf 87' lang='lat' dir='ltr'><strong>semper</strong></span> <span class='ocrx_word' id='word_1_185' title='bbox 811 2409 934 2468; x_wconf 84' lang='lat' dir='ltr'><strong>honesta</strong></span> <span class='ocrx_word' id='word_1_186' title='bbox 959 2409 1027 2488; x_wconf 90' lang='lat' dir='ltr'><strong>luit,</strong></span> <span class='ocrx_word' id='word_1_187' title='bbox 1051 2427 1113 2488; x_wconf 84' lang='lat' dir='ltr'><strong>eqs</strong></span> 
     </span>
    </p>
   </div>
   <div class='ocr_carea' id='block_1_6' title="bbox 27 2509 1348 2912">
    <p class='ocr_par' dir='ltr' id='par_1_6' title="bbox 27 2509 1348 2912">
     <span class='ocr_line' id='line_1_21' title="bbox 27 2509 1251 2615; baseline 0 -22"><span class='ocrx_word' id='word_1_188' title='bbox 27 2509 29 2600; x_wconf 79' lang='lat' dir='ltr'><strong>l</strong></span> <span class='ocrx_word' id='word_1_189' title='bbox 63 2533 113 2594; x_wconf 86' lang='lat' dir='ltr'><strong>[le</strong></span> <span class='ocrx_word' id='word_1_190' title='bbox 150 2534 206 2594; x_wconf 89' lang='lat' dir='ltr'><strong>hoc</strong></span> <span class='ocrx_word' id='word_1_191' title='bbox 234 2536 251 2594; x_wconf 94' lang='lat' dir='ltr'><strong>l.</strong></span> <span class='ocrx_word' id='word_1_192' title='bbox 276 2537 442 2615; x_wconf 84' lang='lat' dir='ltr'><strong>exponendi</strong></span> <span class='ocrx_word' id='word_1_193' title='bbox 470 2553 578 2596; x_wconf 89' lang='lat' dir='ltr'><strong>munus</strong></span> <span class='ocrx_word' id='word_1_194' title='bbox 608 2533 644 2595; x_wconf 89' lang='lat' dir='ltr'><strong>M.</strong></span> <span class='ocrx_word' id='word_1_195' title='bbox 668 2535 815 2613; x_wconf 87' lang='lat' dir='ltr'><strong>Hauptius</strong></span> <span class='ocrx_word' id='word_1_196' title='bbox 843 2527 967 2615; x_wconf 83' lang='lat' dir='ltr'><strong>(Opusc.</strong></span> <span class='ocrx_word' id='word_1_197' title='bbox 991 2531 1017 2591; x_wconf 88' lang='lat' dir='ltr'>ss</span> <span class='ocrx_word' id='word_1_198' title='bbox 1041 2553 1068 2612; x_wconf 88' lang='lat' dir='ltr'><strong>p.</strong></span> <span class='ocrx_word' id='word_1_199' title='bbox 1092 2527 1150 2614; x_wconf 80' lang='lat'><strong>60)</strong></span> <span class='ocrx_word' id='word_1_200' title='bbox 1179 2533 1251 2593; x_wconf 88' lang='lat' dir='ltr'><strong>milri</strong></span> 
     </span>
     <span class='ocr_line' id='line_1_22' title="bbox 27 2623 1251 2715; baseline -0.001 -24"><span class='ocrx_word' id='word_1_201' title='bbox 27 2623 28 2674; x_wconf 62' lang='grc' dir='ltr'><strong>Ῡ</strong></span> <span class='ocrx_word' id='word_1_202' title='bbox 64 2633 215 2715; x_wconf 89' lang='lat' dir='ltr'><strong>dempsit,</strong></span> <span class='ocrx_word' id='word_1_203' title='bbox 239 2635 324 2694; x_wconf 92' lang='lat' dir='ltr'><strong>cuius</strong></span> <span class='ocrx_word' id='word_1_204' title='bbox 348 2635 467 2714; x_wconf 90' lang='lat' dir='ltr'><strong>iudicio,</strong></span> <span class='ocrx_word' id='word_1_205' title='bbox 492 2653 550 2714; x_wconf 89' lang='lat' dir='ltr'><strong>quo</strong></span> <span class='ocrx_word' id='word_1_206' title='bbox 573 2643 697 2714; x_wconf 84' lang='lat' dir='ltr'><strong>propter</strong></span> <span class='ocrx_word' id='word_1_207' title='bbox 721 2634 863 2693; x_wconf 88' lang='lat' dir='ltr'><strong>orationis</strong></span> <span class='ocrx_word' id='word_1_208' title='bbox 887 2631 1016 2712; x_wconf 88' lang='lat' dir='ltr'><strong>schema,</strong></span> <span class='ocrx_word' id='word_1_209' title='bbox 1039 2631 1117 2709; x_wconf 90' lang='lat' dir='ltr'><strong>quod</strong></span> <span class='ocrx_word' id='word_1_210' title='bbox 1142 2631 1251 2692; x_wconf 91' lang='lat' dir='ltr'><strong>dicitur</strong></span> 
     </span>
     <span class='ocr_line' id='line_1_23' title="bbox 27 2703 1348 2811; baseline -0.002 -22"><span class='ocrx_word' id='word_1_211' title='bbox 27 2703 29 2784; x_wconf 76' lang='lat' dir='ltr'><strong>l</strong></span> <span class='ocrx_word' id='word_1_212' title='bbox 66 2720 142 2790; x_wconf 80' lang='grc' dir='ltr'><strong>ἀπὸ</strong></span> <span class='ocrx_word' id='word_1_213' title='bbox 167 2727 296 2811; x_wconf 79' lang='grc' dir='ltr'><em>κοινοῦ,</em></span> <span class='ocrx_word' id='word_1_214' title='bbox 320 2748 425 2810; x_wconf 89' lang='lat' dir='ltr'><strong>parum</strong></span> <span class='ocrx_word' id='word_1_215' title='bbox 448 2732 633 2792; x_wconf 91' lang='lat' dir='ltr'><strong>intellectum</strong></span> <span class='ocrx_word' id='word_1_216' title='bbox 657 2731 867 2810; x_wconf 90' lang='lat' dir='ltr'><strong>interpolatum</strong></span> <span class='ocrx_word' id='word_1_217' title='bbox 888 2749 953 2790; x_wconf 88' lang='lat' dir='ltr'><strong>esse</strong></span> <span class='ocrx_word' id='word_1_218' title='bbox 972 2729 1156 2808; x_wconf 85' lang='lat' dir='ltr'><strong>Neapolitani</strong></span> <span class='ocrx_word' id='word_1_219' title='bbox 1179 2728 1250 2788; x_wconf 89' lang='lat' dir='ltr'><strong>illud</strong></span> <span class='ocrx_word' id='word_1_220' title='bbox 1337 2744 1348 2800; x_wconf 69' lang='lat' dir='ltr'>J</span> 
     </span>
     <span class='ocr_line' id='line_1_24' title="bbox 27 2824 1249 2912; baseline -0.002 -24"><span class='ocrx_word' id='word_1_221' title='bbox 27 2899 28 2908; x_wconf 9' lang='grc' dir='ltr'>χ</span> <span class='ocrx_word' id='word_1_222' title='bbox 65 2824 198 2888; x_wconf 75' lang='lat' dir='ltr'><strong>‘fertur&#39;</strong></span> <span class='ocrx_word' id='word_1_223' title='bbox 214 2824 365 2912; x_wconf 84' lang='lat' dir='ltr'><strong>(quamuis</strong></span> <span class='ocrx_word' id='word_1_224' title='bbox 381 2826 463 2908; x_wconf 83' lang='lat' dir='ltr'><strong>cett.)</strong></span> <span class='ocrx_word' id='word_1_225' title='bbox 480 2837 590 2908; x_wconf 91' lang='lat' dir='ltr'><strong>censet,</strong></span> <span class='ocrx_word' id='word_1_226' title='bbox 615 2847 668 2905; x_wconf 85' lang='lat' dir='ltr'><strong>ego</strong></span> <span class='ocrx_word' id='word_1_227' title='bbox 688 2829 773 2907; x_wconf 90' lang='lat' dir='ltr'><strong>plane</strong></span> <span class='ocrx_word' id='word_1_228' title='bbox 789 2827 956 2886; x_wconf 81' lang='lat' dir='ltr'><strong>subscriba-</strong></span> <span class='ocrx_word' id='word_1_229' title='bbox 991 2826 1034 2884; x_wconf 82' lang='lat' dir='ltr'><strong>Cf.</strong></span> <span class='ocrx_word' id='word_1_230' title='bbox 1050 2829 1137 2885; x_wconf 92' lang='lat' dir='ltr'><strong>etiam</strong></span> <span class='ocrx_word' id='word_1_231' title='bbox 1153 2825 1249 2886; x_wconf 87' lang='lat' dir='ltr'><strong>ltluell.</strong></span> 
     </span>
    </p>
   </div>
   <div class='ocr_carea' id='block_1_7' title="bbox 27 2909 1013 3127">
    <p class='ocr_par' dir='ltr' id='par_1_7' title="bbox 27 2909 1013 3127">
     <span class='ocr_line' id='line_1_25' title="bbox 27 2909 719 3004; baseline -0.003 -19"><span class='ocrx_word' id='word_1_232' title='bbox 27 2909 28 2978; x_wconf 61' lang='lat' dir='ltr'><strong>l</strong></span> <span class='ocrx_word' id='word_1_233' title='bbox 66 2927 168 3004; x_wconf 87' lang='lat' dir='ltr'><strong>praef.</strong></span> <span class='ocrx_word' id='word_1_234' title='bbox 192 2944 220 3002; x_wconf 91' lang='lat' dir='ltr'><strong>p.</strong></span> <span class='ocrx_word' id='word_1_235' title='bbox 244 2924 294 2983; x_wconf 89' lang='lat' dir='ltr'><strong>Vll</strong></span> <span class='ocrx_word' id='word_1_236' title='bbox 319 2934 349 2984; x_wconf 87' lang='lat' dir='ltr'><strong>et</strong></span> <span class='ocrx_word' id='word_1_237' title='bbox 371 2924 490 2984; x_wconf 87' lang='lat' dir='ltr'><strong>Vahlen.</strong></span> <span class='ocrx_word' id='word_1_238' title='bbox 515 2925 532 2983; x_wconf 96' lang='lat' dir='ltr'><strong>l.</strong></span> <span class='ocrx_word' id='word_1_239' title='bbox 552 2924 569 2983; x_wconf 97' lang='lat' dir='ltr'><strong>l.</strong></span> <span class='ocrx_word' id='word_1_240' title='bbox 593 2944 621 3002; x_wconf 92' lang='lat' dir='ltr'><strong>p.</strong></span> <span class='ocrx_word' id='word_1_241' title='bbox 646 2920 719 2983; x_wconf 77' lang='lat'><strong>357.</strong></span> 
     </span>
     <span class='ocr_line' id='line_1_26' title="bbox 27 3038 1013 3127; baseline 0 -21"><span class='ocrx_word' id='word_1_242' title='bbox 27 3038 53 3106; x_wconf 61' lang='lat' dir='ltr'><strong>,d</strong></span> <span class='ocrx_word' id='word_1_243' title='bbox 67 3049 115 3108; x_wconf 92' lang='lat' dir='ltr'><strong>lll</strong></span> <span class='ocrx_word' id='word_1_244' title='bbox 140 3045 237 3126; x_wconf 75' lang='lat'><strong>1,23:</strong></span> <span class='ocrx_word' id='word_1_245' title='bbox 274 3048 378 3108; x_wconf 88' lang='lat' dir='ltr'><strong>Omnia</strong></span> <span class='ocrx_word' id='word_1_246' title='bbox 401 3056 470 3127; x_wconf 86' lang='lat' dir='ltr'><strong>post</strong></span> <span class='ocrx_word' id='word_1_247' title='bbox 493 3047 607 3107; x_wconf 80' lang='lat' dir='ltr'><strong>obitum</strong></span> <span class='ocrx_word' id='word_1_248' title='bbox 629 3048 714 3124; x_wconf 82' lang='lat' dir='ltr'><strong>fingit</strong></span> <span class='ocrx_word' id='word_1_249' title='bbox 738 3047 848 3105; x_wconf 88' lang='lat' dir='ltr'><strong>maiora</strong></span> <span class='ocrx_word' id='word_1_250' title='bbox 872 3054 1013 3106; x_wconf 88' lang='lat' dir='ltr'><strong>uetustas.</strong></span> 
     </span>
    </p>
   </div>
   <div class='ocr_carea' id='block_1_8' title="bbox 68 3178 1308 4043">
    <p class='ocr_par' dir='ltr' id='par_1_8' title="bbox 68 3178 1308 3943">
     <span class='ocr_line' id='line_1_27' title="bbox 68 3178 1249 3242; baseline -0.003 -1"><span class='ocrx_word' id='word_1_251' title='bbox 68 3179 232 3242; x_wconf 85' lang='lat' dir='ltr'><strong>Praeclare</strong></span> <span class='ocrx_word' id='word_1_252' title='bbox 256 3179 364 3240; x_wconf 90' lang='lat' dir='ltr'><strong>habere</strong></span> <span class='ocrx_word' id='word_1_253' title='bbox 390 3183 565 3240; x_wconf 89' lang='lat' dir='ltr'><strong>sententiam</strong></span> <span class='ocrx_word' id='word_1_254' title='bbox 591 3197 677 3240; x_wconf 90' lang='lat' dir='ltr'><strong>nemo</strong></span> <span class='ocrx_word' id='word_1_255' title='bbox 702 3198 760 3239; x_wconf 92' lang='lat' dir='ltr'><strong>non</strong></span> <span class='ocrx_word' id='word_1_256' title='bbox 786 3178 875 3239; x_wconf 87' lang='lat' dir='ltr'><strong>uidet.</strong></span> <span class='ocrx_word' id='word_1_257' title='bbox 918 3180 954 3238; x_wconf 81' lang='lat' dir='ltr'><strong>At</strong></span> <span class='ocrx_word' id='word_1_258' title='bbox 977 3198 1012 3238; x_wconf 85' lang='lat' dir='ltr'><strong>ex</strong></span> <span class='ocrx_word' id='word_1_259' title='bbox 1040 3178 1095 3238; x_wconf 89' lang='lat' dir='ltr'><strong>hac</strong></span> <span class='ocrx_word' id='word_1_260' title='bbox 1123 3179 1249 3240; x_wconf 85' lang='lat' dir='ltr'><strong>lectione</strong></span> 
     </span>
     <span class='ocr_line' id='line_1_28' title="bbox 72 3271 1308 3362; baseline -0.002 -22"><span class='ocrx_word' id='word_1_261' title='bbox 72 3299 137 3340; x_wconf 93' lang='lat' dir='ltr'><strong>non</strong></span> <span class='ocrx_word' id='word_1_262' title='bbox 160 3281 293 3358; x_wconf 89' lang='lat' dir='ltr'><strong>potuisse</strong></span> <span class='ocrx_word' id='word_1_263' title='bbox 317 3280 389 3362; x_wconf 83' lang='lat' dir='ltr'><strong>oriri</strong></span> <span class='ocrx_word' id='word_1_264' title='bbox 413 3278 451 3359; x_wconf 94' lang='lat' dir='ltr'><strong>id,</strong></span> <span class='ocrx_word' id='word_1_265' title='bbox 476 3277 552 3358; x_wconf 88' lang='lat' dir='ltr'><strong>quod</strong></span> <span class='ocrx_word' id='word_1_266' title='bbox 577 3276 601 3335; x_wconf 93' lang='lat' dir='ltr'>N</span> <span class='ocrx_word' id='word_1_267' title='bbox 626 3277 748 3356; x_wconf 87' lang='lat' dir='ltr'><strong>praebet</strong></span> <span class='ocrx_word' id='word_1_268' title='bbox 772 3271 889 3336; x_wconf 74' lang='lat' dir='ltr'><strong>‘Famae</strong></span> <span class='ocrx_word' id='word_1_269' title='bbox 911 3311 949 3318; x_wconf 89' lang='lat'>—</span> <span class='ocrx_word' id='word_1_270' title='bbox 971 3273 1128 3358; x_wconf 90' lang='lat' dir='ltr'><strong>uetustae&#39;,</strong></span> <span class='ocrx_word' id='word_1_271' title='bbox 1150 3276 1249 3338; x_wconf 90' lang='lat' dir='ltr'><strong>Heim·</strong></span> <span class='ocrx_word' id='word_1_272' title='bbox 1303 3321 1308 3324; x_wconf 90' lang='lat'><em>-</em></span> 
     </span>
     <span class='ocr_line' id='line_1_29' title="bbox 72 3361 1250 3457; baseline -0.001 -21"><span class='ocrx_word' id='word_1_273' title='bbox 72 3377 207 3437; x_wconf 89' lang='lat' dir='ltr'><strong>reichius</strong></span> <span class='ocrx_word' id='word_1_274' title='bbox 230 3397 258 3455; x_wconf 95' lang='lat' dir='ltr'><strong>p.</strong></span> <span class='ocrx_word' id='word_1_275' title='bbox 284 3374 326 3438; x_wconf 81' lang='lat'><strong>20</strong></span> <span class='ocrx_word' id='word_1_276' title='bbox 350 3385 379 3436; x_wconf 93' lang='lat' dir='ltr'><strong>et</strong></span> <span class='ocrx_word' id='word_1_277' title='bbox 402 3373 560 3436; x_wconf 89' lang='lat' dir='ltr'><strong>Brandtins</strong></span> <span class='ocrx_word' id='word_1_278' title='bbox 583 3395 611 3454; x_wconf 90' lang='lat' dir='ltr'><strong>p.</strong></span> <span class='ocrx_word' id='word_1_279' title='bbox 637 3361 678 3436; x_wconf 83' lang='lat'><strong>18</strong></span> <span class='ocrx_word' id='word_1_280' title='bbox 707 3375 846 3457; x_wconf 84' lang='lat' dir='ltr'><strong>clamant,</strong></span> <span class='ocrx_word' id='word_1_281' title='bbox 874 3374 953 3435; x_wconf 92' lang='lat' dir='ltr'><strong>unde</strong></span> <span class='ocrx_word' id='word_1_282' title='bbox 981 3376 1029 3435; x_wconf 89' lang='lat' dir='ltr'><strong>hic</strong></span> <span class='ocrx_word' id='word_1_283' title='bbox 1059 3375 1250 3436; x_wconf 90' lang='lat' dir='ltr'><strong>scribendum</strong></span> 
     </span>
     <span class='ocr_line' id='line_1_30' title="bbox 74 3465 1251 3554; baseline -0.002 -20"><span class='ocrx_word' id='word_1_284' title='bbox 74 3465 194 3534; x_wconf 89' lang='lat' dir='ltr'><strong>censet:</strong></span> <span class='ocrx_word' id='word_1_285' title='bbox 223 3473 328 3534; x_wconf 86' lang='lat' dir='ltr'><strong>Famae</strong></span> <span class='ocrx_word' id='word_1_286' title='bbox 355 3483 425 3554; x_wconf 93' lang='lat' dir='ltr'><strong>post</strong></span> <span class='ocrx_word' id='word_1_287' title='bbox 452 3469 565 3534; x_wconf 85' lang='lat' dir='ltr'><strong>obitum</strong></span> <span class='ocrx_word' id='word_1_288' title='bbox 595 3474 679 3552; x_wconf 82' lang='lat' dir='ltr'><strong>lingit</strong></span> <span class='ocrx_word' id='word_1_289' title='bbox 706 3477 817 3533; x_wconf 90' lang='lat' dir='ltr'><strong>maiora</strong></span> <span class='ocrx_word' id='word_1_290' title='bbox 845 3481 988 3533; x_wconf 86' lang='lat' dir='ltr'><strong>uetustas.</strong></span> <span class='ocrx_word' id='word_1_291' title='bbox 1035 3473 1093 3533; x_wconf 88' lang='lat' dir='ltr'><strong>Sed</strong></span> <span class='ocrx_word' id='word_1_292' title='bbox 1125 3493 1251 3552; x_wconf 90' lang='lat' dir='ltr'><strong>prorsus</strong></span> 
     </span>
     <span class='ocr_line' id='line_1_31' title="bbox 75 3569 1249 3656; baseline -0.003 -24"><span class='ocrx_word' id='word_1_293' title='bbox 75 3573 169 3632; x_wconf 89' lang='lat' dir='ltr'><strong>lalsus</strong></span> <span class='ocrx_word' id='word_1_294' title='bbox 194 3581 246 3632; x_wconf 89' lang='lat' dir='ltr'><strong>est.</strong></span> <span class='ocrx_word' id='word_1_295' title='bbox 293 3571 396 3656; x_wconf 73' lang='lat' dir='ltr'><strong>Nonne</strong></span> <span class='ocrx_word' id='word_1_296' title='bbox 426 3575 504 3632; x_wconf 92' lang='lat' dir='ltr'><strong>enim</strong></span> <span class='ocrx_word' id='word_1_297' title='bbox 533 3579 599 3650; x_wconf 90' lang='lat' dir='ltr'><strong>post</strong></span> <span class='ocrx_word' id='word_1_298' title='bbox 626 3569 779 3631; x_wconf 90' lang='lat' dir='ltr'><strong>hominum</strong></span> <span class='ocrx_word' id='word_1_299' title='bbox 809 3589 968 3651; x_wconf 89' lang='lat' dir='ltr'><strong>rerumque</strong></span> <span class='ocrx_word' id='word_1_300' title='bbox 994 3571 1106 3631; x_wconf 91' lang='lat' dir='ltr'><strong>obitum</strong></span> <span class='ocrx_word' id='word_1_301' title='bbox 1130 3571 1249 3631; x_wconf 91' lang='lat' dir='ltr'><strong>demum</strong></span> 
     </span>
     <span class='ocr_line' id='line_1_32' title="bbox 75 3659 1249 3749; baseline -0.001 -22"><span class='ocrx_word' id='word_1_302' title='bbox 75 3673 142 3749; x_wconf 92' lang='lat' dir='ltr'><strong>ipsa</strong></span> <span class='ocrx_word' id='word_1_303' title='bbox 166 3659 313 3731; x_wconf 81' lang='lat' dir='ltr'><strong>uetustate</strong></span> <span class='ocrx_word' id='word_1_304' title='bbox 338 3671 413 3730; x_wconf 87' lang='lat' dir='ltr'><strong>lama</strong></span> <span class='ocrx_word' id='word_1_305' title='bbox 437 3671 581 3749; x_wconf 90' lang='lat' dir='ltr'><strong>nascitur,</strong></span> <span class='ocrx_word' id='word_1_306' title='bbox 610 3687 684 3748; x_wconf 89' lang='lat' dir='ltr'><strong>quae</strong></span> <span class='ocrx_word' id='word_1_307' title='bbox 714 3671 811 3728; x_wconf 90' lang='lat' dir='ltr'><strong>omnia</strong></span> <span class='ocrx_word' id='word_1_308' title='bbox 839 3672 949 3728; x_wconf 89' lang='lat' dir='ltr'><strong>maiora</strong></span> <span class='ocrx_word' id='word_1_309' title='bbox 977 3665 1096 3728; x_wconf 87' lang='lat' dir='ltr'><strong>reddit?</strong></span> <span class='ocrx_word' id='word_1_310' title='bbox 1140 3667 1249 3726; x_wconf 90' lang='lat' dir='ltr'><strong>Vocem</strong></span> 
     </span>
     <span class='ocr_line' id='line_1_33' title="bbox 78 3761 1249 3849; baseline -0.002 -23"><span class='ocrx_word' id='word_1_311' title='bbox 78 3775 178 3826; x_wconf 90' lang='lat' dir='ltr'><strong>autem</strong></span> <span class='ocrx_word' id='word_1_312' title='bbox 202 3763 340 3849; x_wconf 82' lang='lat' dir='ltr'><strong>‘Famae&#39;,</strong></span> <span class='ocrx_word' id='word_1_313' title='bbox 368 3767 446 3827; x_wconf 89' lang='lat' dir='ltr'><strong>unde</strong></span> <span class='ocrx_word' id='word_1_314' title='bbox 471 3778 572 3828; x_wconf 90' lang='lat' dir='ltr'><strong>natum</strong></span> <span class='ocrx_word' id='word_1_315' title='bbox 596 3775 641 3826; x_wconf 88' lang='lat' dir='ltr'><strong>est.</strong></span> <span class='ocrx_word' id='word_1_316' title='bbox 664 3761 833 3845; x_wconf 75' lang='lat' dir='ltr'><strong>‘uetustae’,</strong></span> <span class='ocrx_word' id='word_1_317' title='bbox 861 3785 896 3824; x_wconf 84' lang='lat' dir='ltr'><strong>ex</strong></span> <span class='ocrx_word' id='word_1_318' title='bbox 923 3768 1187 3842; x_wconf 88' lang='lat' dir='ltr'><strong>interpretamento</strong></span> <span class='ocrx_word' id='word_1_319' title='bbox 1210 3769 1249 3824; x_wconf 91' lang='lat' dir='ltr'><strong>ir-</strong></span> 
     </span>
     <span class='ocr_line' id='line_1_34' title="bbox 78 3865 578 3943; baseline -0.002 -19"><span class='ocrx_word' id='word_1_320' title='bbox 78 3867 209 3943; x_wconf 89' lang='lat' dir='ltr'><strong>repsisse</strong></span> <span class='ocrx_word' id='word_1_321' title='bbox 233 3870 298 3927; x_wconf 88' lang='lat' dir='ltr'><strong>ueri</strong></span> <span class='ocrx_word' id='word_1_322' title='bbox 322 3875 367 3926; x_wconf 89' lang='lat' dir='ltr'><strong>est</strong></span> <span class='ocrx_word' id='word_1_323' title='bbox 391 3865 578 3926; x_wconf 90' lang='lat' dir='ltr'><strong>simillimum.</strong></span> 
     </span>
    </p>

    <p class='ocr_par' dir='ltr' id='par_1_9' title="bbox 76 3959 956 4043">
     <span class='ocr_line' id='line_1_35' title="bbox 76 3959 956 4043; baseline -0.002 -20"><span class='ocrx_word' id='word_1_324' title='bbox 76 3967 79 3974; x_wconf 92' lang='lat'>&#39;</span> <span class='ocrx_word' id='word_1_325' title='bbox 168 3961 327 4043; x_wconf 84' lang='lat' dir='ltr'><strong>Vestigia</strong></span> <span class='ocrx_word' id='word_1_326' title='bbox 351 3967 429 4024; x_wconf 91' lang='lat' dir='ltr'><strong>ueri</strong></span> <span class='ocrx_word' id='word_1_327' title='bbox 453 3961 647 4042; x_wconf 87' lang='lat' dir='ltr'><strong>perhibent</strong></span> <span class='ocrx_word' id='word_1_328' title='bbox 670 3959 750 4019; x_wconf 89' lang='lat' dir='ltr'><strong>llVF</strong></span> <span class='ocrx_word' id='word_1_329' title='bbox 775 3961 829 4021; x_wconf 92' lang='lat' dir='ltr'><strong>his</strong></span> <span class='ocrx_word' id='word_1_330' title='bbox 853 3960 956 4021; x_wconf 90' lang='lat' dir='ltr'><strong>locis:</strong></span> 
     </span>
    </p>
   </div>
   <div class='ocr_carea' id='block_1_9' title="bbox 38 4088 1144 4178">
    <p class='ocr_par' dir='ltr' id='par_1_10' title="bbox 38 4088 1144 4178">
     <span class='ocr_line' id='line_1_36' title="bbox 38 4088 1144 4178; baseline -0.001 -22"><span class='ocrx_word' id='word_1_331' title='bbox 38 4088 106 4156; x_wconf 73' lang='lat' dir='ltr'><strong>un</strong></span> <span class='ocrx_word' id='word_1_332' title='bbox 125 4093 171 4178; x_wconf 81' lang='lat'><strong>15,</strong></span> <span class='ocrx_word' id='word_1_333' title='bbox 186 4095 241 4158; x_wconf 81' lang='lat'><strong>49:</strong></span> <span class='ocrx_word' id='word_1_334' title='bbox 288 4097 333 4158; x_wconf 82' lang='lat' dir='ltr'><strong>Tu</strong></span> <span class='ocrx_word' id='word_1_335' title='bbox 357 4096 454 4177; x_wconf 89' lang='lat' dir='ltr'><strong>modo,</strong></span> <span class='ocrx_word' id='word_1_336' title='bbox 477 4095 547 4156; x_wconf 89' lang='lat' dir='ltr'><strong>dnm</strong></span> <span class='ocrx_word' id='word_1_337' title='bbox 571 4095 649 4176; x_wconf 91' lang='lat' dir='ltr'><strong>licet,</strong></span> <span class='ocrx_word' id='word_1_338' title='bbox 672 4113 689 4153; x_wconf 92' lang='lat' dir='ltr'><strong>o</strong></span> <span class='ocrx_word' id='word_1_339' title='bbox 713 4095 843 4155; x_wconf 89' lang='lat' dir='ltr'><strong>lructum</strong></span> <span class='ocrx_word' id='word_1_340' title='bbox 868 4113 904 4153; x_wconf 92' lang='lat' dir='ltr'><strong>ne</strong></span> <span class='ocrx_word' id='word_1_341' title='bbox 929 4094 1033 4154; x_wconf 88' lang='lat' dir='ltr'><strong>desere</strong></span> <span class='ocrx_word' id='word_1_342' title='bbox 1058 4097 1144 4155; x_wconf 91' lang='lat' dir='ltr'><strong>uitae.</strong></span> 
     </span>
    </p>
   </div>
   <div class='ocr_carea' id='block_1_10' title="bbox 81 4228 1248 4312">
    <p class='ocr_par' dir='ltr' id='par_1_11' title="bbox 81 4228 1248 4312">
     <span class='ocr_line' id='line_1_37' title="bbox 81 4228 1248 4312; baseline -0.001 -22"><span class='ocrx_word' id='word_1_343' title='bbox 81 4231 143 4290; x_wconf 89' lang='lat' dir='ltr'><strong>Hoc</strong></span> <span class='ocrx_word' id='word_1_344' title='bbox 166 4230 202 4290; x_wconf 91' lang='lat' dir='ltr'><strong>de</strong></span> <span class='ocrx_word' id='word_1_345' title='bbox 227 4231 254 4312; x_wconf 88' lang='lat' dir='ltr'><strong>l.,</strong></span> <span class='ocrx_word' id='word_1_346' title='bbox 277 4231 413 4310; x_wconf 84' lang='lat' dir='ltr'><strong>quamuis</strong></span> <span class='ocrx_word' id='word_1_347' title='bbox 433 4249 520 4310; x_wconf 88' lang='lat' dir='ltr'><strong>saepe</strong></span> <span class='ocrx_word' id='word_1_348' title='bbox 540 4237 682 4290; x_wconf 88' lang='lat' dir='ltr'><strong>tractatus</strong></span> <span class='ocrx_word' id='word_1_349' title='bbox 705 4231 752 4309; x_wconf 90' lang='lat' dir='ltr'><strong>sit,</strong></span> <span class='ocrx_word' id='word_1_350' title='bbox 776 4228 907 4289; x_wconf 90' lang='lat' dir='ltr'><strong>nondum</strong></span> <span class='ocrx_word' id='word_1_351' title='bbox 928 4229 1025 4288; x_wconf 86' lang='lat' dir='ltr'><strong>critici</strong></span> <span class='ocrx_word' id='word_1_352' title='bbox 1049 4232 1248 4290; x_wconf 89' lang='lat' dir='ltr'><strong>consentiunt.</strong></span> 
     </span>
    </p>
   </div>
   <div class='ocr_carea' id='block_1_11' title="bbox 84 4333 1250 4562">
    <p class='ocr_par' dir='ltr' id='par_1_12' title="bbox 84 4333 1250 4562">
     <span class='ocr_line' id='line_1_38' title="bbox 84 4333 1249 4463; baseline 0 -21"><span class='ocrx_word' id='word_1_353' title='bbox 84 4381 133 4442; x_wconf 87' lang='lat' dir='ltr'><strong>DV</strong></span> <span class='ocrx_word' id='word_1_354' title='bbox 156 4381 265 4442; x_wconf 87' lang='lat' dir='ltr'><strong>habent</strong></span> <span class='ocrx_word' id='word_1_355' title='bbox 289 4376 390 4462; x_wconf 74' lang='lat' dir='ltr'><strong>‘licet&#39;,</strong></span> <span class='ocrx_word' id='word_1_356' title='bbox 413 4379 436 4440; x_wconf 83' lang='lat' dir='ltr'>F</span> <span class='ocrx_word' id='word_1_357' title='bbox 459 4333 543 4462; x_wconf 61' lang='lat' dir='ltr'><strong>nuce„</strong></span> <span class='ocrx_word' id='word_1_358' title='bbox 566 4379 591 4440; x_wconf 91' lang='lat' dir='ltr'><strong>N</strong></span> <span class='ocrx_word' id='word_1_359' title='bbox 615 4381 702 4442; x_wconf 88' lang='lat' dir='ltr'><strong>lucet.</strong></span> <span class='ocrx_word' id='word_1_360' title='bbox 749 4381 807 4449; x_wconf 82' lang='lat' dir='ltr'><strong>Qui</strong></span> <span class='ocrx_word' id='word_1_361' title='bbox 829 4378 1054 4459; x_wconf 90' lang='lat' dir='ltr'><strong>Neapolitanum</strong></span> <span class='ocrx_word' id='word_1_362' title='bbox 1077 4378 1249 4463; x_wconf 81' lang='lat' dir='ltr'><strong>defendunt,</strong></span> 
     </span>
     <span class='ocr_line' id='line_1_39' title="bbox 85 4465 1250 4562; baseline 0.002 -22"><span class='ocrx_word' id='word_1_363' title='bbox 85 4465 160 4541; x_wconf 58' lang='lat' dir='ltr'><strong>eiu‘s.</strong></span> <span class='ocrx_word' id='word_1_364' title='bbox 177 4484 323 4562; x_wconf 87' lang='lat' dir='ltr'><strong>scriptura</strong></span> <span class='ocrx_word' id='word_1_365' title='bbox 342 4477 509 4558; x_wconf 86' lang='lat' dir='ltr'><strong>pulchram</strong></span> <span class='ocrx_word' id='word_1_366' title='bbox 542 4481 737 4560; x_wconf 84' lang='lat' dir='ltr'><strong>sententiam,</strong></span> <span class='ocrx_word' id='word_1_367' title='bbox 764 4497 822 4557; x_wconf 88' lang='lat' dir='ltr'><strong>qua</strong></span> <span class='ocrx_word' id='word_1_368' title='bbox 855 4481 916 4539; x_wconf 90' lang='lat' dir='ltr'><strong>uita</strong></span> <span class='ocrx_word' id='word_1_369' title='bbox 948 4478 1019 4558; x_wconf 89' lang='lat' dir='ltr'><strong>diei,</strong></span> <span class='ocrx_word' id='word_1_370' title='bbox 1055 4496 1135 4538; x_wconf 89' lang='lat' dir='ltr'><strong>mors</strong></span> <span class='ocrx_word' id='word_1_371' title='bbox 1168 4484 1250 4542; x_wconf 88' lang='lat' dir='ltr'><strong>nocti</strong></span> 
     </span>
    </p>
   </div>
   <div class='ocr_carea' id='block_1_12' title="bbox 0 0 1550 5042">
    <p class='ocr_par' dir='ltr' id='par_1_13' title="bbox 0 0 1550 5042">
     <span class='ocr_line' id='line_1_40' title="bbox 0 0 1550 5042; baseline 0 0"><span class='ocrx_word' id='word_1_372' title='bbox 0 0 1550 5042; x_wconf 95' lang='lat' dir='ltr'><strong> </strong></span> 
     </span>
    </p>
   </div>
  </div>
 </body>
</html>
