3067 5042
539 411 778 475 -189-

69 588 237 658 pronomen
271 594 336 636 sese
369 580 565 654 excepturum
596 582 682 635 esset.
728 574 886 633 Praeterea
914 575 940 632 si
969 575 1009 633 ita
1037 574 1247 650 interpungas:

70 672 176 755 ‘quem
192 695 250 736 non
266 677 385 734 nouerit
404 673 462 754 ille,
486 667 592 752 putat',
615 672 922 750 leges-grammaticae
945 666 1032 751 ‘ipse'
1052 671 1247 750 expostulant.

39 801 96 860 t'll
114 799 167 882 27,
183 799 215 862 l:
288 800 404 860 Rursus
424 806 453 858 et
477 796 627 857 obiectum
646 796 751 857 tlemus
772 799 882 876 capiti
901 815 967 856 esse
985 796 1160 878 tumultum,

331 896 404 958 Cum
429 895 547 956 Mauors
570 895 675 956 dubias
700 897 805 954 miseet
829 896 979 972 utrimque
1003 911 1116 953 manus.

70 1025 166 1084 Recte
187 1025 292 1083 lenisse
307 1021 521 1082 Baehrensium
544 1029 626 1102 puto,
650 1020 784 1103 quodex
806 1018 858 1077 DV
873 1013 985 1097 ‘capiti'
1009 1021 1131 1098 recepit,
1155 1037 1247 1096 quon-

22 1169 23 1182 ,
72 1125 132 1182 iani
162 1121 234 1181 nihil
261 1139 316 1181 nos
344 1121 423 1198 eogit
451 1137 518 1178 curn
547 1117 579 1179 L.
603 1117 743 1178 Muellero
773 1115 904 1177 seribere
934 1111 1046 1194 ‘eaput'
1070 1109 1153 1197 (NF)
1183 1135 1247 1176 esse

73 1214 242 1300 tumultu.1)
289 1218 389 1279 Morus
417 1221 495 1278 enim
525 1236 609 1278 error
637 1219 668 1276 in
696 1215 742 1274 his
770 1214 854 1274 libris
878 1213 1001 1274 subesse
1025 1214 1096 1273 mihi
1120 1215 1248 1273 uidetur.

73 1317 144 1376 lure
169 1326 266 1375 autern
291 1323 413 1394 propter
437 1335 486 1376 uu.
511 1313 531 1375 2
556 1323 585 1374 et
609 1311 629 1375 3
654 1305 832 1396 (Quaeritis)
856 1315 882 1372 ei
911 1312 1008 1390 placet
1032 1307 1141 1390 ‘lletis'‚
1170 1311 1249 1390 quod

75 1417 133 1470 iam
162 1410 266 1471 italie
294 1411 478 1492 Neapolitani
507 1414 668 1491 scriptura,
697 1429 772 1491 quae
800 1417 846 1469 est
875 1404 985 1469 ‘lletus'
1015 1409 1195 1489 elicuerunt3
1223 1408 1248 1468 Ο

77 1508 167 1569 liabet
191 1505 328 1570 ‘tlemus'.

36 1641 45 1662 ⁸
76 1631 281 1714 1129‚35sq.:
304 1635 455 1715 Apparent
478 1654 537 1694 non
561 1635 620 1694 ulla
643 1642 709 1694 toro
734 1633 859 1709 uestigia
883 1602 987 1710 presso

353 1731 442 1808 Signa
466 1731 681 1811 uoluptatis,
705 1749 759 1790 neo
782 1731 909 1789 iacuisse
933 1731 1017 1803 duos

77 1853 243 1933 Voluptatis
267 1852 327 1931 DV,
352 1853 514 1914 uoluntatis
538 1853 612 1914 FN..
638 1853 837 1914 Baehrensius
861 1847 956 1936 (Misc.
980 1856 1045 1915 orit.
1069 1873 1097 1934 p.
1121 1848 1180 1936 93)
1204 1873 1249 1913 se·
1329 1850 1336 1873 ‘

77 1961 165 2012 outus
189 1951 335 2033 Lipsium‚
364 1953 415 2030 qui
443 1951 543 2011 neseio
568 1954 616 2012 eui
640 1951 735 2011 codici
759 1951 938 2012 Farnesiano
967 1951 1016 2011 hio
1044 1955 1250 2012 auctoritatem

80 2051 193 2131 tribuit,
216 2069 283 2110 oum
304 2049 326 2108 F
342 2045 415 2108 m2
438 2048 495 2126 legi
520 2047 585 2108 uult
608 2043 803 2129 ‘uolutantis'‚
826 2069 881 2128 pro
905 2058 1010 2128 quarto
1034 2069 1103 2110 casu
1127 2050 1250 2128 pluralis

78 2157 248 2229 acceptum,
275 2148 325 2206 oui
352 2148 541 2206 coniecturae
570 2145 713 2207 librorum
742 2145 796 2205 NF
820 2149 967 2226 scriptura
997 2147 1097 2207 fauere
1122 2146 1250 2207 uidetur.

80 2243 190 2304 Deinde
219 2264 235 2304 e
260 2239 357 2324 ‘non',
381 2243 459 2321 quod
485 2245 584 2304 estin
607 2243 632 2304 0
656 2237 726 2326 (neo
749 2243 803 2304 NV
827 2263 883 2324 mg.
907 2263 946 2305 m.
970 2238 1005 2326 2)
1031 2239 1119 2304 ‘con'
1144 2246 1249 2306 elleeto
1335 2313 1339 2320 ,

22 2401 23 2416 p
79 2344 119 2401 ita
144 2342 326 2404 uersiculum
350 2340 467 2402 scribit:
1187 2391 1355 2477 Q),

291 2465 380 2545 Signa
403 2465 565 2526 uolutantis
589 2468 774 2527 ooniaeuisse
798 2465 882 2527 diros.

80 2708 167 2769 quam
190 2689 343 2749 leontinum
367 2707 433 2749 esse
457 2698 558 2750 monet
580 2708 645 2771 nee,
669 2688 922 2750 uelut'Graeoum
943 2688 1191 2769 κυλινδεῖσθαι,
1214 2689 1250 2748 de

78 2786 247 2848 hominibus
274 2789 413 2866 usurpari
440 2789 498 2846 nisi
526 2785 561 2845 ad
589 2789 790 2864 turpissimam
822 2790 983 2865 nequitiam
1012 2787 1184 2867 notandam3
1213 2788 1249 2846 cl.

79 2883 158 2944 loeos
182 2882 218 2944 ah
242 2902 277 2943 eo
302 2883 411 2944 allatos.
449 2883 627 2943 Coniaeendi
650 2891 747 2943 autem
773 2883 908 2965 uerbum,
932 2881 1010 2962 quod
1031 2885 1109 2963 apud
1130 2885 1249 2945 ultimae

79 2989 192 3043 tantum
221 2984 324 3043 aetatis
353 2983 514 3061 scriptores
543 2980 665 3041 obuium
693 2981 748 3056 alia
776 2980 854 3042 nulla
881 2981 916 3040 de
941 2999 1028 3041 causa
1052 2982 1251 3043 Baehrensius

80 3081 178 3159 inlert,
198 3098 285 3157 quam
304 3081 372 3157 quia
391 3077 575 3155 Neapolitani
593 3077 665 3138 illud
686 3073 773 3159 ‘nee'‚
793 3081 849 3139 etsi
868 3087 950 3140 recto
970 3079 1028 3138 talo
1046 3088 1124 3139 stare
1144 3089 1251 3159 potest,

79 3176 289 3256 interpolatum
309 3196 375 3237 esse
394 3185 486 3256 putat.
523 3177 625 3255 ltaque
646 3186 745 3252 spreta
764 3179 845 3254 turpi
864 3177 912 3237 illa
934 3180 1105 3237 coniectura
1125 3177 1250 3238 familiae

80 3272 132 3330 DV
155 3272 313 3333 lectionem
337 3269 521 3353 ‘uoluptatis'
546 3273 741 3335 reuocandam
770 3281 856 3354 puto,
884 3293 899 3333 a
923 3293 980 3353 qiia
1009 3275 1150 3334 recedere
1179 3275 1251 3334 nihil

81 3385 135 3426 nos
159 3371 244 3444 cogit.
285 3368 363 3428 Duas
387 3373 466 3430 enim
490 3389 538 3430 res
562 3382 646 3449 poeta
671 3370 826 3458 Cynthiam
849 3373 1051 3450 proterentem
1074 3372 1156 3432 lacit:
1180 3367 1250 3432 ‘non

82 3463 167 3523 inodo
191 3482 250 3523 non
275 3464 392 3525 turbato
416 3476 466 3529 aut
489 3487 593 3547 presso
621 3468 711 3529 leeto'
726 3469 888 3548 uoluptatis
916 3471 1012 3549 signa,
1040 3469 1092 3529 sed
1123 3487 1159 3528 ue
1185 3469 1251 3528 talia

81 3560 199 3635 quidem
219 3571 373 3642 apparent,
402 3564 480 3624 unde
510 3565 584 3625 duos
612 3568 737 3626 iacuisse
766 3566 903 3627 concludi
923 3562 1039 3627 ·debet'.
1085 3566 1129 3625 Ne
1152 3575 1250 3626 autem

81 3663 109 3715 te
133 3659 231 3718 irritet
254 3659 419 3756 intinitinus
441 3662 527 3721 simul
547 3680 616 3722 cum
636 3662 822 3724 substantiuo
842 3665 876 3722 ad
896 3662 974 3723 idem
993 3663 1120 3724 uerbum
1139 3663 1250 3723 relatus

82 3755 118 3814 el.
142 3753 230 3835 loeos,
255 3756 355 3833 quales
379 3765 450 3817 sunt
472 3755 698 3841 15‚19—22;
721 3760 761 3820 lll
784 3760 811 3840 1,
829 3757 969 3854 25—27.

83 3876 179 3960 1132,
199 3876 280 3957 iso:
304 3879 366 3940 Hoe
391 3883 503 3942 utinam
526 3885 655 3962 spatiere
679 3883 753 3967 loeo,
777 3884 975 3964 quodcunque
998 3886 1127 3967 uaeabis,
1162 3942 1171 3961 ,

352 3976 489 4056 Cynthia!
513 3979 573 4040 sed
598 3979 665 4040 tibi
688 4001 739 4042 me
764 3982 887 4042 eredere
910 3983 997 4043 turba
1021 3992 1110 4044 uetat.

84 4099 145 4162 lloo
170 4120 287 4180 quoque
311 4101 375 4162 loco
395 4103 519 4163 nimium
539 4102 723 4182 Neapolitani
742 4105 904 4167 bonitatem
923 4109 1100 4169 defendendi
1120 4111 1251 4172 studium

85 4203 258 4278 prouocauit
274 4199 487 4278 quodammodo
502 4205 699 4264 temeritatem
715 4205 889 4264 coniciendi.
909 4204 970 4265 Leo
985 4209 1073 4287 enim,
1086 4216 1120 4267 ut
1134 4227 1251 4288 semper

83 4301 114 4357 in
137 4297 319 4359 emendando
343 4298 378 4359 ab
406 4299 456 4358 illo
480 4301 582 4361 codiee
610 4302 822 4383 proficiscitur,
849 4304 889 4360 ita
917 4305 1005 4363 etiam
1032 4303 1080 4363 hie
1105 4324 1140 4364 eo
1164 4309 1251 4365 nixus

156 4491 185 4559 1)
205 4487 301 4546 Vtitur
319 4491 373 4546 hae
392 4488 481 4548 danai
500 4490 590 4550 forma
609 4491 781 4567 Propertius:
800 4491 833 4550 el.
853 4491 866 4549 Ι
886 4500 927 4566 11,
948 4500 993 4565 123
1012 4494 1038 4548 Π
1058 4501 1081 4562 1,
1101 4503 1143 4551 66.
