<?xml version="1.0" encoding="UTF-8"?>
<!DOCTYPE html PUBLIC "-//W3C//DTD XHTML 1.0 Transitional//EN"
    "http://www.w3.org/TR/xhtml1/DTD/xhtml1-transitional.dtd">
<html xmlns="http://www.w3.org/1999/xhtml" xml:lang="en" lang="en">
 <head>
  <title>
</title>
<meta http-equiv="Content-Type" content="text/html;charset=utf-8" />
  <meta name='ocr-system' content='tesseract 3.04.00' />
  <meta name='ocr-capabilities' content='ocr_page ocr_carea ocr_par ocr_line ocrx_word'/>
</head>
<body>
  <div class='ocr_page' id='page_1' title='image "./decodicibusprop00solbgoog_0024.png"; bbox 0 0 3067 5042; ppageno 0'>
   <div class='ocr_carea' id='block_1_1' title="bbox 428 391 987 516">
    <p class='ocr_par' dir='ltr' id='par_1_1' title="bbox 428 391 987 516">
     <span class='ocr_line' id='line_1_1' title="bbox 428 391 987 516; baseline 0.002 -61"><span class='ocrx_word' id='word_1_1' title='bbox 428 452 452 516; x_wconf 44' lang='grc' dir='ltr'>ᾖ</span> <span class='ocrx_word' id='word_1_2' title='bbox 744 391 987 456; x_wconf 84' lang='grc'>-156-</span> 
     </span>
    </p>
   </div>
   <div class='ocr_carea' id='block_1_2' title="bbox 281 493 1299 735">
    <p class='ocr_par' dir='ltr' id='par_1_2' title="bbox 281 493 1299 735">
     <span class='ocr_line' id='line_1_2' title="bbox 281 493 1299 662; baseline 0.002 -46"><span class='ocrx_word' id='word_1_3' title='bbox 281 556 320 616; x_wconf 96' lang='lat' dir='ltr'><strong>lll</strong></span> <span class='ocrx_word' id='word_1_4' title='bbox 336 555 365 639; x_wconf 84' lang='lat'><strong>2,</strong></span> <span class='ocrx_word' id='word_1_5' title='bbox 375 493 420 662; x_wconf 43' lang='grc'><strong>21</strong></span> <span class='ocrx_word' id='word_1_6' title='bbox 424 576 469 636; x_wconf 90' lang='lat' dir='ltr'><strong>sq.</strong></span> <span class='ocrx_word' id='word_1_7' title='bbox 493 557 551 618; x_wconf 81' lang='grc' dir='ltr'><strong>Αιη</strong></span> <span class='ocrx_word' id='word_1_8' title='bbox 575 557 632 618; x_wconf 91' lang='lat' dir='ltr'><strong>illis</strong></span> <span class='ocrx_word' id='word_1_9' title='bbox 655 557 770 616; x_wconf 91' lang='lat' dir='ltr'><strong>llamma</strong></span> <span class='ocrx_word' id='word_1_10' title='bbox 794 565 845 618; x_wconf 90' lang='lat' dir='ltr'><strong>aut</strong></span> <span class='ocrx_word' id='word_1_11' title='bbox 868 556 962 617; x_wconf 84' lang='lat' dir='ltr'>imber</span> <span class='ocrx_word' id='word_1_12' title='bbox 986 556 1133 618; x_wconf 77' lang='lat' dir='ltr'><strong>subducet</strong></span> <span class='ocrx_word' id='word_1_13' title='bbox 1155 557 1299 638; x_wconf 86' lang='lat' dir='ltr'><strong>bonores,</strong></span> 
     </span>
     <span class='ocr_line' id='line_1_3' title="bbox 537 655 1232 735; baseline 0.003 -21"><span class='ocrx_word' id='word_1_14' title='bbox 537 656 690 715; x_wconf 80' lang='lat' dir='ltr'><strong>Annorum</strong></span> <span class='ocrx_word' id='word_1_15' title='bbox 714 661 765 716; x_wconf 90' lang='lat' dir='ltr'><strong>aut</strong></span> <span class='ocrx_word' id='word_1_16' title='bbox 788 658 853 735; x_wconf 89' lang='lat' dir='ltr'><strong>ipso</strong></span> <span class='ocrx_word' id='word_1_17' title='bbox 876 655 1009 733; x_wconf 88' lang='lat' dir='ltr'><strong>pondere</strong></span> <span class='ocrx_word' id='word_1_18' title='bbox 1034 657 1111 716; x_wconf 87' lang='lat' dir='ltr'><strong>uicta</strong></span> <span class='ocrx_word' id='word_1_19' title='bbox 1135 664 1232 716; x_wconf 89' lang='lat' dir='ltr'><strong>ruent.</strong></span> 
     </span>
    </p>
   </div>
   <div class='ocr_carea' id='block_1_3' title="bbox 239 502 274 570">
    <p class='ocr_par' dir='ltr' id='par_1_3' title="bbox 239 502 274 570">
     <span class='ocr_line' id='line_1_4' title="bbox 239 502 274 570; baseline 0 0"><span class='ocrx_word' id='word_1_20' title='bbox 239 502 274 570; x_wconf 65' lang='lat' dir='ltr'><em>J</em></span> 
     </span>
    </p>
   </div>
   <div class='ocr_carea' id='block_1_4' title="bbox 280 779 1499 1724">
    <p class='ocr_par' dir='ltr' id='par_1_4' title="bbox 280 779 1499 1724">
     <span class='ocr_line' id='line_1_5' title="bbox 281 779 1449 861; baseline 0.002 -21"><span class='ocrx_word' id='word_1_21' title='bbox 281 780 344 840; x_wconf 93' lang='lat' dir='ltr'><strong>Hoc</strong></span> <span class='ocrx_word' id='word_1_22' title='bbox 369 780 386 840; x_wconf 90' lang='lat' dir='ltr'><strong>l.</strong></span> <span class='ocrx_word' id='word_1_23' title='bbox 410 790 496 860; x_wconf 88' lang='lat' dir='ltr'><strong>poeta</strong></span> <span class='ocrx_word' id='word_1_24' title='bbox 521 783 644 840; x_wconf 84' lang='lat' dir='ltr'><strong>maxiura</strong></span> <span class='ocrx_word' id='word_1_25' title='bbox 669 779 965 859; x_wconf 71' lang='lat' dir='ltr'><strong>splendidissimaque</strong></span> <span class='ocrx_word' id='word_1_26' title='bbox 985 780 1116 840; x_wconf 84' lang='lat' dir='ltr'><strong>aedificia</strong></span> <span class='ocrx_word' id='word_1_27' title='bbox 1141 779 1219 860; x_wconf 84' lang='lat' dir='ltr'><strong>longi</strong></span> <span class='ocrx_word' id='word_1_28' title='bbox 1244 783 1386 861; x_wconf 88' lang='lat' dir='ltr'><strong>temporis</strong></span> <span class='ocrx_word' id='word_1_29' title='bbox 1410 784 1449 842; x_wconf 89' lang='lat' dir='ltr'><strong>in·</strong></span> 
     </span>
     <span class='ocr_line' id='line_1_6' title="bbox 281 877 1450 958; baseline 0.002 -20"><span class='ocrx_word' id='word_1_30' title='bbox 281 880 443 939; x_wconf 90' lang='lat' dir='ltr'><strong>commodis</strong></span> <span class='ocrx_word' id='word_1_31' title='bbox 467 881 563 939; x_wconf 88' lang='lat' dir='ltr'><strong>euerti</strong></span> <span class='ocrx_word' id='word_1_32' title='bbox 586 888 675 958; x_wconf 87' lang='lat' dir='ltr'><strong>atque</strong></span> <span class='ocrx_word' id='word_1_33' title='bbox 699 877 787 938; x_wconf 93' lang='lat' dir='ltr'><strong>obrui</strong></span> <span class='ocrx_word' id='word_1_34' title='bbox 814 896 916 958; x_wconf 90' lang='lat' dir='ltr'><strong>posse,</strong></span> <span class='ocrx_word' id='word_1_35' title='bbox 945 877 1063 956; x_wconf 88' lang='lat' dir='ltr'><strong>lamam,</strong></span> <span class='ocrx_word' id='word_1_36' title='bbox 1092 887 1183 957; x_wconf 76' lang='lat' dir='ltr'><strong>quam&#39;</strong></span> <span class='ocrx_word' id='word_1_37' title='bbox 1208 881 1318 958; x_wconf 88' lang='lat' dir='ltr'><strong>ingenii</strong></span> <span class='ocrx_word' id='word_1_38' title='bbox 1349 898 1450 939; x_wconf 87' lang='lat' dir='ltr'><strong>mono·</strong></span> 
     </span>
     <span class='ocr_line' id='line_1_7' title="bbox 280 975 1499 1058; baseline 0.002 -21"><span class='ocrx_word' id='word_1_39' title='bbox 280 985 378 1037; x_wconf 89' lang='lat' dir='ltr'><strong>menta</strong></span> <span class='ocrx_word' id='word_1_40' title='bbox 408 977 553 1058; x_wconf 82' lang='lat' dir='ltr'><strong>tribuant,</strong></span> <span class='ocrx_word' id='word_1_41' title='bbox 587 978 796 1056; x_wconf 88' lang='lat' dir='ltr'><strong>sempiternam</strong></span> <span class='ocrx_word' id='word_1_42' title='bbox 825 994 891 1036; x_wconf 87' lang='lat' dir='ltr'><strong>esse</strong></span> <span class='ocrx_word' id='word_1_43' title='bbox 924 978 971 1036; x_wconf 93' lang='lat' dir='ltr'><strong>ait.</strong></span> <span class='ocrx_word' id='word_1_44' title='bbox 1018 975 1100 1036; x_wconf 84' lang='lat' dir='ltr'><strong>Libri</strong></span> <span class='ocrx_word' id='word_1_45' title='bbox 1128 996 1156 1036; x_wconf 91' lang='grc' dir='ltr'><strong>ιι.</strong></span> <span class='ocrx_word' id='word_1_46' title='bbox 1181 975 1223 1038; x_wconf 79' lang='grc'><strong>22</strong></span> <span class='ocrx_word' id='word_1_47' title='bbox 1252 981 1291 1038; x_wconf 92' lang='lat' dir='ltr'><strong>ita</strong></span> <span class='ocrx_word' id='word_1_48' title='bbox 1324 981 1451 1038; x_wconf 87' lang='lat' dir='ltr'><strong>uariant:</strong></span> <span class='ocrx_word' id='word_1_49' title='bbox 1498 1020 1499 1039; x_wconf 55' lang='grc' dir='ltr'><strong>ι</strong></span> 
     </span>
     <span class='ocr_line' id='line_1_8' title="bbox 281 1072 1499 1156; baseline 0.002 -22"><span class='ocrx_word' id='word_1_50' title='bbox 281 1077 343 1134; x_wconf 90' lang='lat' dir='ltr'><strong>ictu</strong></span> <span class='ocrx_word' id='word_1_51' title='bbox 367 1075 425 1154; x_wconf 80' lang='lat' dir='ltr'><strong>FN,</strong></span> <span class='ocrx_word' id='word_1_52' title='bbox 449 1077 526 1136; x_wconf 92' lang='lat' dir='ltr'><strong>ictus</strong></span> <span class='ocrx_word' id='word_1_53' title='bbox 551 1075 582 1155; x_wconf 81' lang='lat' dir='ltr'><strong>b,</strong></span> <span class='ocrx_word' id='word_1_54' title='bbox 606 1075 713 1152; x_wconf 65' lang='lat' dir='ltr'><strong>iotu{{</strong></span> <span class='ocrx_word' id='word_1_55' title='bbox 736 1074 773 1156; x_wconf 75' lang='lat' dir='ltr'><strong>V,</strong></span> <span class='ocrx_word' id='word_1_56' title='bbox 796 1074 927 1154; x_wconf 92' lang='lat' dir='ltr'><strong>pondere</strong></span> <span class='ocrx_word' id='word_1_57' title='bbox 951 1072 1040 1156; x_wconf 85' lang='lat' dir='ltr'><strong>bvu,</strong></span> <span class='ocrx_word' id='word_1_58' title='bbox 1058 1074 1189 1153; x_wconf 88' lang='lat' dir='ltr'><strong>pondera</strong></span> <span class='ocrx_word' id='word_1_59' title='bbox 1213 1075 1244 1135; x_wconf 84' lang='lat' dir='ltr'><strong>P.</strong></span> <span class='ocrx_word' id='word_1_60' title='bbox 1286 1075 1357 1136; x_wconf 91' lang='lat' dir='ltr'><strong>lude</strong></span> <span class='ocrx_word' id='word_1_61' title='bbox 1381 1094 1450 1136; x_wconf 92' lang='lat' dir='ltr'><strong>nou·</strong></span> <span class='ocrx_word' id='word_1_62' title='bbox 1498 1080 1499 1123; x_wconf 66' lang='grc' dir='ltr'><strong>ἓ</strong></span> 
     </span>
     <span class='ocr_line' id='line_1_9' title="bbox 280 1168 1452 1254; baseline 0.002 -22"><span class='ocrx_word' id='word_1_63' title='bbox 280 1173 353 1233; x_wconf 90' lang='lat' dir='ltr'><strong>nulli</strong></span> <span class='ocrx_word' id='word_1_64' title='bbox 377 1172 506 1233; x_wconf 80' lang='lat' dir='ltr'><strong>editores</strong></span> <span class='ocrx_word' id='word_1_65' title='bbox 530 1173 679 1234; x_wconf 87' lang='lat' dir='ltr'><strong>scribunt:</strong></span> <span class='ocrx_word' id='word_1_66' title='bbox 707 1173 861 1233; x_wconf 77' lang='lat' dir='ltr'><strong>Annorum</strong></span> <span class='ocrx_word' id='word_1_67' title='bbox 889 1180 941 1232; x_wconf 88' lang='lat' dir='ltr'><strong>ant</strong></span> <span class='ocrx_word' id='word_1_68' title='bbox 967 1175 1028 1233; x_wconf 89' lang='lat' dir='ltr'><strong>ictu</strong></span> <span class='ocrx_word' id='word_1_69' title='bbox 1058 1172 1189 1252; x_wconf 90' lang='lat' dir='ltr'><strong>pondera</strong></span> <span class='ocrx_word' id='word_1_70' title='bbox 1217 1176 1297 1234; x_wconf 89' lang='lat' dir='ltr'><strong>uicta</strong></span> <span class='ocrx_word' id='word_1_71' title='bbox 1323 1168 1452 1254; x_wconf 66' lang='lat' dir='ltr'><strong>ruentJ),</strong></span> 
     </span>
     <span class='ocr_line' id='line_1_10' title="bbox 281 1266 1451 1351; baseline -0.001 -20"><span class='ocrx_word' id='word_1_72' title='bbox 281 1282 314 1333; x_wconf 90' lang='lat' dir='ltr'><strong>ut</strong></span> <span class='ocrx_word' id='word_1_73' title='bbox 336 1290 412 1331; x_wconf 90' lang='lat' dir='ltr'><strong>uoce</strong></span> <span class='ocrx_word' id='word_1_74' title='bbox 437 1266 591 1351; x_wconf 80' lang='lat' dir='ltr'><strong>‘pondera&#39;</strong></span> <span class='ocrx_word' id='word_1_75' title='bbox 615 1272 746 1332; x_wconf 85' lang='lat' dir='ltr'><strong>aedilicia</strong></span> <span class='ocrx_word' id='word_1_76' title='bbox 775 1269 823 1330; x_wconf 91' lang='lat' dir='ltr'><strong>illa</strong></span> <span class='ocrx_word' id='word_1_77' title='bbox 851 1279 1024 1350; x_wconf 88' lang='lat' dir='ltr'><strong>sumptuosa</strong></span> <span class='ocrx_word' id='word_1_78' title='bbox 1053 1272 1265 1350; x_wconf 84' lang='lat' dir='ltr'><strong>significentur.</strong></span> <span class='ocrx_word' id='word_1_79' title='bbox 1312 1273 1370 1332; x_wconf 91' lang='lat' dir='ltr'><strong>Sed</strong></span> <span class='ocrx_word' id='word_1_80' title='bbox 1395 1273 1451 1332; x_wconf 87' lang='lat' dir='ltr'><strong>dis·</strong></span> 
     </span>
     <span class='ocr_line' id='line_1_11' title="bbox 281 1364 1452 1449; baseline 0 -19"><span class='ocrx_word' id='word_1_81' title='bbox 281 1369 371 1448; x_wconf 82' lang='lat' dir='ltr'><strong>plicet</strong></span> <span class='ocrx_word' id='word_1_82' title='bbox 394 1388 505 1430; x_wconf 84' lang='lat' dir='ltr'><strong>rrouum</strong></span> <span class='ocrx_word' id='word_1_83' title='bbox 530 1370 586 1430; x_wconf 92' lang='lat' dir='ltr'><strong>boc</strong></span> <span class='ocrx_word' id='word_1_84' title='bbox 606 1369 783 1449; x_wconf 91' lang='lat' dir='ltr'><strong>subiectum,</strong></span> <span class='ocrx_word' id='word_1_85' title='bbox 807 1387 866 1446; x_wconf 84' lang='lat' dir='ltr'><strong>quo</strong></span> <span class='ocrx_word' id='word_1_86' title='bbox 889 1388 1053 1448; x_wconf 86' lang='lat' dir='ltr'><strong>pronomen</strong></span> <span class='ocrx_word' id='word_1_87' title='bbox 1074 1364 1145 1429; x_wconf 72' lang='lat' dir='ltr'><strong>‘ille&#39;</strong></span> <span class='ocrx_word' id='word_1_88' title='bbox 1165 1372 1312 1449; x_wconf 84' lang='lat' dir='ltr'><strong>excipitur</strong></span> <span class='ocrx_word' id='word_1_89' title='bbox 1330 1379 1360 1430; x_wconf 90' lang='lat' dir='ltr'><strong>et</strong></span> <span class='ocrx_word' id='word_1_90' title='bbox 1379 1369 1452 1430; x_wconf 88' lang='lat' dir='ltr'><strong>dilli-</strong></span> 
     </span>
     <span class='ocr_line' id='line_1_12' title="bbox 280 1467 1452 1546; baseline -0.001 -20"><span class='ocrx_word' id='word_1_91' title='bbox 280 1467 410 1526; x_wconf 88' lang='lat' dir='ltr'><strong>dendum</strong></span> <span class='ocrx_word' id='word_1_92' title='bbox 438 1475 485 1526; x_wconf 86' lang='lat' dir='ltr'><strong>est</strong></span> <span class='ocrx_word' id='word_1_93' title='bbox 511 1467 588 1527; x_wconf 92' lang='lat' dir='ltr'><strong>libro</strong></span> <span class='ocrx_word' id='word_1_94' title='bbox 611 1467 633 1525; x_wconf 88' lang='lat' dir='ltr'>F</span> <span class='ocrx_word' id='word_1_95' title='bbox 657 1467 732 1527; x_wconf 88' lang='lat' dir='ltr'><strong>alius</strong></span> <span class='ocrx_word' id='word_1_96' title='bbox 755 1468 868 1527; x_wconf 87' lang='lat' dir='ltr'><strong>codicis</strong></span> <span class='ocrx_word' id='word_1_97' title='bbox 896 1486 1043 1527; x_wconf 87' lang='lat' dir='ltr'><strong>consensu</strong></span> <span class='ocrx_word' id='word_1_98' title='bbox 1073 1467 1225 1528; x_wconf 85' lang='lat' dir='ltr'><strong>destituto.</strong></span> <span class='ocrx_word' id='word_1_99' title='bbox 1271 1467 1332 1528; x_wconf 89' lang='lat' dir='ltr'><strong>Nec</strong></span> <span class='ocrx_word' id='word_1_100' title='bbox 1361 1470 1452 1546; x_wconf 86' lang='lat' dir='ltr'><strong>magis</strong></span> 
     </span>
     <span class='ocr_line' id='line_1_13' title="bbox 281 1564 1453 1645; baseline 0 -21"><span class='ocrx_word' id='word_1_101' title='bbox 281 1564 392 1626; x_wconf 81' lang='lat' dir='ltr'><strong>arridet</strong></span> <span class='ocrx_word' id='word_1_102' title='bbox 414 1573 538 1644; x_wconf 88' lang='lat' dir='ltr'><strong>propter</strong></span> <span class='ocrx_word' id='word_1_103' title='bbox 561 1565 689 1625; x_wconf 90' lang='lat' dir='ltr'><strong>duorum</strong></span> <span class='ocrx_word' id='word_1_104' title='bbox 713 1565 910 1625; x_wconf 89' lang='lat' dir='ltr'><strong>ablatiuorum</strong></span> <span class='ocrx_word' id='word_1_105' title='bbox 938 1583 1132 1645; x_wconf 91' lang='lat' dir='ltr'><strong>concursum,</strong></span> <span class='ocrx_word' id='word_1_106' title='bbox 1160 1565 1239 1644; x_wconf 90' lang='lat' dir='ltr'><strong>quod</strong></span> <span class='ocrx_word' id='word_1_107' title='bbox 1265 1565 1453 1626; x_wconf 87' lang='lat' dir='ltr'><strong>Burmannus</strong></span> 
     </span>
     <span class='ocr_line' id='line_1_14' title="bbox 281 1663 730 1724; baseline 0.004 -2"><span class='ocrx_word' id='word_1_108' title='bbox 281 1670 310 1722; x_wconf 96' lang='lat' dir='ltr'><strong>et</strong></span> <span class='ocrx_word' id='word_1_109' title='bbox 334 1663 487 1723; x_wconf 88' lang='lat' dir='ltr'><strong>Palmerus</strong></span> <span class='ocrx_word' id='word_1_110' title='bbox 510 1663 730 1724; x_wconf 86' lang='lat' dir='ltr'><strong>commendant:</strong></span> 
     </span>
    </p>
   </div>
   <div class='ocr_carea' id='block_1_5' title="bbox 538 1786 1262 1870">
    <p class='ocr_par' dir='ltr' id='par_1_5' title="bbox 538 1786 1262 1870">
     <span class='ocr_line' id='line_1_15' title="bbox 538 1786 1262 1870; baseline 0.006 -24"><span class='ocrx_word' id='word_1_111' title='bbox 538 1786 692 1848; x_wconf 83' lang='lat' dir='ltr'><strong>Annorum</strong></span> <span class='ocrx_word' id='word_1_112' title='bbox 715 1795 766 1848; x_wconf 90' lang='lat' dir='ltr'><strong>aut</strong></span> <span class='ocrx_word' id='word_1_113' title='bbox 789 1790 865 1868; x_wconf 89' lang='lat' dir='ltr'><strong>ictu,</strong></span> <span class='ocrx_word' id='word_1_114' title='bbox 889 1788 1019 1868; x_wconf 88' lang='lat' dir='ltr'><strong>pondere</strong></span> <span class='ocrx_word' id='word_1_115' title='bbox 1044 1790 1136 1868; x_wconf 88' lang='lat' dir='ltr'><strong>uicta,</strong></span> <span class='ocrx_word' id='word_1_116' title='bbox 1160 1797 1262 1870; x_wconf 88' lang='lat' dir='ltr'><strong>ruent,</strong></span> 
     </span>
    </p>
   </div>
   <div class='ocr_carea' id='block_1_6' title="bbox 281 1911 1455 2186">
    <p class='ocr_par' dir='ltr' id='par_1_6' title="bbox 281 1911 1455 2186">
     <span class='ocr_line' id='line_1_16' title="bbox 281 1911 1455 1992; baseline 0.002 -20"><span class='ocrx_word' id='word_1_117' title='bbox 281 1913 471 1974; x_wconf 88' lang='lat' dir='ltr'><strong>distinctione</strong></span> <span class='ocrx_word' id='word_1_118' title='bbox 491 1912 653 1972; x_wconf 89' lang='lat' dir='ltr'><strong>subuenire</strong></span> <span class='ocrx_word' id='word_1_119' title='bbox 672 1913 784 1972; x_wconf 82' lang='lat' dir='ltr'><strong>frustra</strong></span> <span class='ocrx_word' id='word_1_120' title='bbox 803 1912 966 1973; x_wconf 87' lang='lat' dir='ltr'><strong>studentes.</strong></span> <span class='ocrx_word' id='word_1_121' title='bbox 1003 1911 1105 1991; x_wconf 89' lang='lat' dir='ltr'><strong>ltaque</strong></span> <span class='ocrx_word' id='word_1_122' title='bbox 1126 1932 1231 1975; x_wconf 73' lang='lat' dir='ltr'><strong>ererum</strong></span> <span class='ocrx_word' id='word_1_123' title='bbox 1250 1915 1361 1975; x_wconf 87' lang='lat' dir='ltr'><strong>uidisse</strong></span> <span class='ocrx_word' id='word_1_124' title='bbox 1381 1924 1455 1992; x_wconf 88' lang='lat' dir='ltr'><strong>puto</strong></span> 
     </span>
     <span class='ocr_line' id='line_1_17' title="bbox 281 2009 1455 2091; baseline 0.003 -22"><span class='ocrx_word' id='word_1_125' title='bbox 281 2010 469 2073; x_wconf 84' lang='lat' dir='ltr'><strong>Fonteinium</strong></span> <span class='ocrx_word' id='word_1_126' title='bbox 494 2018 523 2070; x_wconf 94' lang='lat' dir='ltr'><strong>et</strong></span> <span class='ocrx_word' id='word_1_127' title='bbox 548 2009 735 2089; x_wconf 82' lang='lat' dir='ltr'><strong>Samonium,</strong></span> <span class='ocrx_word' id='word_1_128' title='bbox 763 2013 815 2088; x_wconf 90' lang='lat' dir='ltr'><strong>qui</strong></span> <span class='ocrx_word' id='word_1_129' title='bbox 838 2010 1017 2070; x_wconf 90' lang='lat' dir='ltr'><strong>Baebreosio</strong></span> <span class='ocrx_word' id='word_1_130' title='bbox 1041 2010 1199 2089; x_wconf 84' lang='lat' dir='ltr'><strong>plaudente</strong></span> <span class='ocrx_word' id='word_1_131' title='bbox 1229 2011 1316 2091; x_wconf 87' lang='lat' dir='ltr'><strong>paulo</strong></span> <span class='ocrx_word' id='word_1_132' title='bbox 1339 2015 1455 2073; x_wconf 79' lang='lat' dir='ltr'><strong>acriore</strong></span> 
     </span>
     <span class='ocr_line' id='line_1_18' title="bbox 282 2108 1403 2186; baseline 0.002 -18"><span class='ocrx_word' id='word_1_133' title='bbox 282 2109 427 2169; x_wconf 88' lang='lat' dir='ltr'><strong>medicina</strong></span> <span class='ocrx_word' id='word_1_134' title='bbox 451 2128 572 2169; x_wconf 90' lang='lat' dir='ltr'><strong>uersum</strong></span> <span class='ocrx_word' id='word_1_135' title='bbox 596 2109 729 2186; x_wconf 81' lang='lat' dir='ltr'><strong>indigere</strong></span> <span class='ocrx_word' id='word_1_136' title='bbox 754 2111 811 2168; x_wconf 93' lang='lat' dir='ltr'><strong>rati</strong></span> <span class='ocrx_word' id='word_1_137' title='bbox 834 2108 987 2168; x_wconf 89' lang='lat' dir='ltr'><strong>commode</strong></span> <span class='ocrx_word' id='word_1_138' title='bbox 1012 2111 1055 2168; x_wconf 86' lang='lat' dir='ltr'><strong>sic</strong></span> <span class='ocrx_word' id='word_1_139' title='bbox 1078 2128 1146 2168; x_wconf 91' lang='lat' dir='ltr'><strong>eum</strong></span> <span class='ocrx_word' id='word_1_140' title='bbox 1171 2112 1403 2171; x_wconf 88' lang='lat' dir='ltr'><strong>constituerunt:</strong></span> 
     </span>
    </p>
   </div>
   <div class='ocr_carea' id='block_1_7' title="bbox 542 2233 1241 2314">
    <p class='ocr_par' dir='ltr' id='par_1_7' title="bbox 542 2233 1241 2314">
     <span class='ocr_line' id='line_1_19' title="bbox 542 2233 1241 2314; baseline 0.001 -21"><span class='ocrx_word' id='word_1_141' title='bbox 542 2234 694 2293; x_wconf 85' lang='lat' dir='ltr'><strong>Annorum</strong></span> <span class='ocrx_word' id='word_1_142' title='bbox 718 2242 769 2294; x_wconf 92' lang='lat' dir='ltr'><strong>aut</strong></span> <span class='ocrx_word' id='word_1_143' title='bbox 792 2236 856 2312; x_wconf 92' lang='lat' dir='ltr'><strong>ipso</strong></span> <span class='ocrx_word' id='word_1_144' title='bbox 880 2233 1012 2312; x_wconf 85' lang='lat' dir='ltr'><strong>pondere</strong></span> <span class='ocrx_word' id='word_1_145' title='bbox 1036 2236 1115 2293; x_wconf 90' lang='lat' dir='ltr'><strong>uicta</strong></span> <span class='ocrx_word' id='word_1_146' title='bbox 1139 2243 1241 2314; x_wconf 92' lang='lat' dir='ltr'><strong>ruent,</strong></span> 
     </span>
    </p>
   </div>
   <div class='ocr_carea' id='block_1_8' title="bbox 282 2366 1476 2738">
    <p class='ocr_par' dir='ltr' id='par_1_8' title="bbox 282 2366 1476 2738">
     <span class='ocr_line' id='line_1_20' title="bbox 283 2366 1456 2445; baseline 0.004 -20"><span class='ocrx_word' id='word_1_147' title='bbox 283 2367 302 2426; x_wconf 92' lang='lat' dir='ltr'><strong>b</strong></span> <span class='ocrx_word' id='word_1_148' title='bbox 330 2385 354 2426; x_wconf 90' lang='lat' dir='ltr'><strong>e.</strong></span> <span class='ocrx_word' id='word_1_149' title='bbox 380 2385 433 2427; x_wconf 89' lang='lat' dir='ltr'><strong>suo</strong></span> <span class='ocrx_word' id='word_1_150' title='bbox 458 2366 589 2445; x_wconf 90' lang='lat' dir='ltr'><strong>pondere</strong></span> <span class='ocrx_word' id='word_1_151' title='bbox 613 2385 667 2445; x_wconf 91' lang='lat' dir='ltr'><strong>per</strong></span> <span class='ocrx_word' id='word_1_152' title='bbox 691 2370 834 2445; x_wconf 91' lang='lat' dir='ltr'><strong>temporis</strong></span> <span class='ocrx_word' id='word_1_153' title='bbox 858 2368 1083 2428; x_wconf 89' lang='lat' dir='ltr'><strong>diuturnitatem</strong></span> <span class='ocrx_word' id='word_1_154' title='bbox 1107 2370 1186 2428; x_wconf 90' lang='lat' dir='ltr'><strong>uicta</strong></span> <span class='ocrx_word' id='word_1_155' title='bbox 1209 2371 1310 2429; x_wconf 92' lang='lat' dir='ltr'><strong>ruinas</strong></span> <span class='ocrx_word' id='word_1_156' title='bbox 1334 2369 1456 2430; x_wconf 89' lang='lat' dir='ltr'><strong>dabunt.</strong></span> 
     </span>
     <span class='ocr_line' id='line_1_21' title="bbox 286 2457 1476 2543; baseline 0.004 -20"><span class='ocrx_word' id='word_1_157' title='bbox 286 2464 492 2525; x_wconf 86' lang='lat' dir='ltr'><strong>Coniecturam</strong></span> <span class='ocrx_word' id='word_1_158' title='bbox 517 2473 616 2524; x_wconf 75' lang='lat' dir='ltr'><strong>aretem</strong></span> <span class='ocrx_word' id='word_1_159' title='bbox 641 2463 772 2524; x_wconf 84' lang='lat' dir='ltr'><strong>Witbofii</strong></span> <span class='ocrx_word' id='word_1_160' title='bbox 796 2460 858 2526; x_wconf 72' lang='lat' dir='ltr'><strong>‘aut</strong></span> <span class='ocrx_word' id='word_1_161' title='bbox 881 2469 941 2525; x_wconf 91' lang='lat' dir='ltr'><strong>ictu</strong></span> <span class='ocrx_word' id='word_1_162' title='bbox 966 2473 1015 2525; x_wconf 91' lang='lat' dir='ltr'><strong>aut</strong></span> <span class='ocrx_word' id='word_1_163' title='bbox 1040 2461 1184 2543; x_wconf 89' lang='lat' dir='ltr'><strong>pondere&#39;</strong></span> <span class='ocrx_word' id='word_1_164' title='bbox 1209 2475 1239 2528; x_wconf 89' lang='lat' dir='ltr'><strong>ct</strong></span> <span class='ocrx_word' id='word_1_165' title='bbox 1260 2457 1369 2526; x_wconf 84' lang='lat' dir='ltr'><strong>Eldilrii</strong></span> <span class='ocrx_word' id='word_1_166' title='bbox 1393 2462 1476 2528; x_wconf 75' lang='lat' dir='ltr'><strong>‘aut‘</strong></span> 
     </span>
     <span class='ocr_line' id='line_1_22' title="bbox 285 2557 1455 2643; baseline 0.003 -23"><span class='ocrx_word' id='word_1_167' title='bbox 285 2564 373 2622; x_wconf 86' lang='lat' dir='ltr'><strong>tacito</strong></span> <span class='ocrx_word' id='word_1_168' title='bbox 397 2562 529 2640; x_wconf 88' lang='lat' dir='ltr'><strong>pondere</strong></span> <span class='ocrx_word' id='word_1_169' title='bbox 560 2557 613 2639; x_wconf 84' lang='lat' dir='ltr'><strong>(cl.</strong></span> <span class='ocrx_word' id='word_1_170' title='bbox 637 2561 796 2623; x_wconf 89' lang='lat' dir='ltr'><strong>Burmann.</strong></span> <span class='ocrx_word' id='word_1_171' title='bbox 816 2582 844 2640; x_wconf 95' lang='lat' dir='ltr'><strong>p.</strong></span> <span class='ocrx_word' id='word_1_172' title='bbox 863 2558 943 2643; x_wconf 85' lang='lat'>494)</span> <span class='ocrx_word' id='word_1_173' title='bbox 966 2580 983 2620; x_wconf 94' lang='lat' dir='ltr'><strong>a</strong></span> <span class='ocrx_word' id='word_1_174' title='bbox 1006 2581 1079 2623; x_wconf 91' lang='lat' dir='ltr'><strong>uero</strong></span> <span class='ocrx_word' id='word_1_175' title='bbox 1106 2562 1267 2624; x_wconf 90' lang='lat' dir='ltr'><strong>abhorrere</strong></span> <span class='ocrx_word' id='word_1_176' title='bbox 1297 2567 1346 2624; x_wconf 91' lang='lat' dir='ltr'><strong>uix</strong></span> <span class='ocrx_word' id='word_1_177' title='bbox 1374 2567 1455 2642; x_wconf 84' lang='lat' dir='ltr'><strong>quis-</strong></span> 
     </span>
     <span class='ocr_line' id='line_1_23' title="bbox 282 2659 519 2738; baseline 0.004 -20"><span class='ocrx_word' id='word_1_178' title='bbox 282 2677 369 2738; x_wconf 86' lang='lat' dir='ltr'><strong>quam</strong></span> <span class='ocrx_word' id='word_1_179' title='bbox 394 2659 519 2738; x_wconf 85' lang='lat' dir='ltr'><strong>negabit.</strong></span> 
     </span>
    </p>
   </div>
   <div class='ocr_carea' id='block_1_9' title="bbox 281 2781 1454 3643">
    <p class='ocr_par' dir='ltr' id='par_1_9' title="bbox 281 2781 1454 3643">
     <span class='ocr_line' id='line_1_24' title="bbox 281 2781 1329 2872; baseline 0.002 -29"><span class='ocrx_word' id='word_1_180' title='bbox 281 2783 320 2843; x_wconf 96' lang='lat' dir='ltr'><strong>lll</strong></span> <span class='ocrx_word' id='word_1_181' title='bbox 335 2781 519 2864; x_wconf 85' lang='lat' dir='ltr'><strong>ii,33sqq.:</strong></span> <span class='ocrx_word' id='word_1_182' title='bbox 543 2784 635 2844; x_wconf 87' lang='lat' dir='ltr'><strong>Noxia</strong></span> <span class='ocrx_word' id='word_1_183' title='bbox 658 2784 847 2867; x_wconf 77' lang='lat' dir='ltr'><strong>Alexandria,</strong></span> <span class='ocrx_word' id='word_1_184' title='bbox 870 2783 945 2844; x_wconf 91' lang='lat' dir='ltr'><strong>dolis</strong></span> <span class='ocrx_word' id='word_1_185' title='bbox 969 2786 1119 2863; x_wconf 89' lang='lat' dir='ltr'><strong>aptissima</strong></span> <span class='ocrx_word' id='word_1_186' title='bbox 1143 2785 1245 2864; x_wconf 88' lang='lat' dir='ltr'><strong>tellus,</strong></span> <span class='ocrx_word' id='word_1_187' title='bbox 1313 2837 1329 2872; x_wconf 65' lang='lat' dir='ltr'><strong>s</strong></span> 
     </span>
     <span class='ocr_line' id='line_1_25' title="bbox 583 2882 1292 2968; baseline 0.001 -26"><span class='ocrx_word' id='word_1_188' title='bbox 583 2882 620 2944; x_wconf 88' lang='lat' dir='ltr'><strong>Et</strong></span> <span class='ocrx_word' id='word_1_189' title='bbox 643 2885 752 2944; x_wconf 91' lang='lat' dir='ltr'><strong>totiens</strong></span> <span class='ocrx_word' id='word_1_190' title='bbox 776 2890 879 2943; x_wconf 90' lang='lat' dir='ltr'><strong>nostro</strong></span> <span class='ocrx_word' id='word_1_191' title='bbox 902 2883 1031 2962; x_wconf 88' lang='lat' dir='ltr'><strong>Memphi</strong></span> <span class='ocrx_word' id='word_1_192' title='bbox 1055 2890 1178 2968; x_wconf 86' lang='lat' dir='ltr'><strong>cruenta</strong></span> <span class='ocrx_word' id='word_1_193' title='bbox 1202 2884 1292 2964; x_wconf 90' lang='lat' dir='ltr'><strong>malo,</strong></span> 
     </span>
     <span class='ocr_line' id='line_1_26' title="bbox 538 2981 1454 3060; baseline 0 -18"><span class='ocrx_word' id='word_1_194' title='bbox 538 2982 613 3042; x_wconf 86' lang='lat' dir='ltr'><strong>Tres</strong></span> <span class='ocrx_word' id='word_1_195' title='bbox 637 2981 688 3042; x_wconf 91' lang='lat' dir='ltr'><strong>ubi</strong></span> <span class='ocrx_word' id='word_1_196' title='bbox 711 2981 852 3059; x_wconf 88' lang='lat' dir='ltr'><strong>Pompeio</strong></span> <span class='ocrx_word' id='word_1_197' title='bbox 875 2982 1004 3042; x_wconf 83' lang='lat' dir='ltr'><strong>detraxit</strong></span> <span class='ocrx_word' id='word_1_198' title='bbox 1026 3000 1116 3041; x_wconf 88' lang='lat' dir='ltr'><strong>arena</strong></span> <span class='ocrx_word' id='word_1_199' title='bbox 1140 2981 1340 3060; x_wconf 86' lang='lat' dir='ltr'><strong>triumphosl.</strong></span> <span class='ocrx_word' id='word_1_200' title='bbox 1420 2997 1454 3043; x_wconf 86' lang='lat'><strong>35</strong></span> 
     </span>
     <span class='ocr_line' id='line_1_27' title="bbox 583 3079 1454 3141; baseline 0.001 -2"><span class='ocrx_word' id='word_1_201' title='bbox 583 3080 679 3141; x_wconf 89' lang='lat' dir='ltr'><strong>Tollet</strong></span> <span class='ocrx_word' id='word_1_202' title='bbox 702 3081 781 3140; x_wconf 90' lang='lat' dir='ltr'><strong>nulla</strong></span> <span class='ocrx_word' id='word_1_203' title='bbox 805 3080 868 3140; x_wconf 89' lang='lat' dir='ltr'><strong>dies</strong></span> <span class='ocrx_word' id='word_1_204' title='bbox 892 3080 967 3141; x_wconf 91' lang='lat' dir='ltr'><strong>banc</strong></span> <span class='ocrx_word' id='word_1_205' title='bbox 991 3079 1044 3140; x_wconf 88' lang='lat' dir='ltr'><strong>tibi</strong></span> <span class='ocrx_word' id='word_1_206' title='bbox 1068 3080 1160 3140; x_wconf 84' lang='lat' dir='ltr'><strong>Roma</strong></span> <span class='ocrx_word' id='word_1_207' title='bbox 1184 3079 1296 3140; x_wconf 87' lang='lat' dir='ltr'><strong>notam!</strong></span> <span class='ocrx_word' id='word_1_208' title='bbox 1419 3095 1454 3140; x_wconf 79' lang='grc'><strong>36</strong></span> 
     </span>
     <span class='ocr_line' id='line_1_28' title="bbox 538 3177 1297 3259; baseline 0 -21"><span class='ocrx_word' id='word_1_209' title='bbox 538 3178 634 3238; x_wconf 91' lang='lat' dir='ltr'><strong>lssent</strong></span> <span class='ocrx_word' id='word_1_210' title='bbox 657 3177 820 3256; x_wconf 84' lang='lat' dir='ltr'><strong>Phlegraeo</strong></span> <span class='ocrx_word' id='word_1_211' title='bbox 844 3179 950 3239; x_wconf 87' lang='lat' dir='ltr'><strong>mellus</strong></span> <span class='ocrx_word' id='word_1_212' title='bbox 973 3179 1027 3239; x_wconf 92' lang='lat' dir='ltr'><strong>tibi</strong></span> <span class='ocrx_word' id='word_1_213' title='bbox 1051 3180 1156 3239; x_wconf 89' lang='lat' dir='ltr'><strong>lunera</strong></span> <span class='ocrx_word' id='word_1_214' title='bbox 1180 3197 1297 3259; x_wconf 89' lang='lat' dir='ltr'><strong>campo,</strong></span> 
     </span>
     <span class='ocr_line' id='line_1_29' title="bbox 583 3275 1230 3337; baseline 0.006 -5"><span class='ocrx_word' id='word_1_215' title='bbox 583 3275 634 3334; x_wconf 90' lang='lat' dir='ltr'><strong>Vel</strong></span> <span class='ocrx_word' id='word_1_216' title='bbox 657 3284 707 3335; x_wconf 92' lang='lat' dir='ltr'><strong>tua</strong></span> <span class='ocrx_word' id='word_1_217' title='bbox 732 3278 758 3334; x_wconf 91' lang='lat' dir='ltr'><strong>si</strong></span> <span class='ocrx_word' id='word_1_218' title='bbox 781 3292 885 3334; x_wconf 89' lang='lat' dir='ltr'><strong>socero</strong></span> <span class='ocrx_word' id='word_1_219' title='bbox 910 3276 983 3334; x_wconf 91' lang='lat' dir='ltr'><strong>colla</strong></span> <span class='ocrx_word' id='word_1_220' title='bbox 1007 3277 1131 3337; x_wconf 90' lang='lat' dir='ltr'><strong>daturus</strong></span> <span class='ocrx_word' id='word_1_221' title='bbox 1156 3296 1230 3337; x_wconf 90' lang='lat' dir='ltr'><strong>eras.</strong></span> 
     </span>
     <span class='ocr_line' id='line_1_30' title="bbox 539 3371 1453 3454; baseline 0.002 -24"><span class='ocrx_word' id='word_1_222' title='bbox 539 3371 659 3432; x_wconf 89' lang='lat' dir='ltr'><strong>Scilicet</strong></span> <span class='ocrx_word' id='word_1_223' title='bbox 681 3374 789 3431; x_wconf 90' lang='lat' dir='ltr'><strong>incesti</strong></span> <span class='ocrx_word' id='word_1_224' title='bbox 811 3375 953 3430; x_wconf 91' lang='lat' dir='ltr'><strong>meretrix</strong></span> <span class='ocrx_word' id='word_1_225' title='bbox 978 3375 1078 3449; x_wconf 83' lang='lat' dir='ltr'><strong>regina</strong></span> <span class='ocrx_word' id='word_1_226' title='bbox 1102 3373 1226 3454; x_wconf 83' lang='lat' dir='ltr'><strong>Canopi,</strong></span> <span class='ocrx_word' id='word_1_227' title='bbox 1419 3386 1453 3432; x_wconf 83' lang='lat'><strong>39</strong></span> 
     </span>
     <span class='ocr_line' id='line_1_31' title="bbox 584 3467 1454 3546; baseline 0.007 -21"><span class='ocrx_word' id='word_1_228' title='bbox 584 3467 644 3526; x_wconf 93' lang='lat' dir='ltr'><strong>Vna</strong></span> <span class='ocrx_word' id='word_1_229' title='bbox 668 3467 821 3546; x_wconf 89' lang='lat' dir='ltr'><strong>Philippeo</strong></span> <span class='ocrx_word' id='word_1_230' title='bbox 845 3470 988 3544; x_wconf 85' lang='lat' dir='ltr'><strong>sanguine</strong></span> <span class='ocrx_word' id='word_1_231' title='bbox 1011 3467 1115 3528; x_wconf 90' lang='lat' dir='ltr'><strong>adusta</strong></span> <span class='ocrx_word' id='word_1_232' title='bbox 1138 3477 1221 3546; x_wconf 93' lang='lat' dir='ltr'><strong>nota,</strong></span> <span class='ocrx_word' id='word_1_233' title='bbox 1420 3483 1454 3531; x_wconf 76' lang='lat'><strong>40</strong></span> 
     </span>
     <span class='ocr_line' id='line_1_32' title="bbox 539 3563 1393 3643; baseline 0.002 -20"><span class='ocrx_word' id='word_1_234' title='bbox 539 3566 616 3623; x_wconf 81' lang='lat' dir='ltr'><strong>Ausa</strong></span> <span class='ocrx_word' id='word_1_235' title='bbox 636 3563 698 3625; x_wconf 92' lang='lat' dir='ltr'><strong>loui</strong></span> <span class='ocrx_word' id='word_1_236' title='bbox 718 3570 820 3624; x_wconf 91' lang='lat' dir='ltr'><strong>nostro</strong></span> <span class='ocrx_word' id='word_1_237' title='bbox 839 3564 996 3624; x_wconf 88' lang='lat' dir='ltr'><strong>latrantem</strong></span> <span class='ocrx_word' id='word_1_238' title='bbox 1015 3581 1165 3643; x_wconf 92' lang='lat' dir='ltr'><strong>opponere</strong></span> <span class='ocrx_word' id='word_1_239' title='bbox 1185 3565 1311 3622; x_wconf 82' lang='lat' dir='ltr'><strong>Anubim</strong></span> <span class='ocrx_word' id='word_1_240' title='bbox 1332 3586 1393 3642; x_wconf 87' lang='lat' dir='ltr'><strong>eqs.</strong></span> 
     </span>
    </p>
   </div>
   <div class='ocr_carea' id='block_1_10' title="bbox 270 3697 1483 4369">
    <p class='ocr_par' dir='ltr' id='par_1_10' title="bbox 270 3697 1483 4369">
     <span class='ocr_line' id='line_1_33' title="bbox 282 3697 1453 3778; baseline -0.001 -19"><span class='ocrx_word' id='word_1_241' title='bbox 282 3699 347 3759; x_wconf 91' lang='lat' dir='ltr'><strong>Non</strong></span> <span class='ocrx_word' id='word_1_242' title='bbox 370 3697 496 3758; x_wconf 89' lang='lat' dir='ltr'><strong>debebat</strong></span> <span class='ocrx_word' id='word_1_243' title='bbox 515 3697 712 3761; x_wconf 83' lang='lat' dir='ltr'><strong>Raebrensius</strong></span> <span class='ocrx_word' id='word_1_244' title='bbox 735 3717 806 3778; x_wconf 90' lang='lat' dir='ltr'><strong>prae</strong></span> <span class='ocrx_word' id='word_1_245' title='bbox 826 3706 996 3760; x_wconf 88' lang='lat' dir='ltr'><strong>ceterorum</strong></span> <span class='ocrx_word' id='word_1_246' title='bbox 1018 3697 1153 3758; x_wconf 92' lang='lat' dir='ltr'><strong>codicum</strong></span> <span class='ocrx_word' id='word_1_247' title='bbox 1177 3713 1325 3757; x_wconf 90' lang='lat' dir='ltr'><strong>consensu</strong></span> <span class='ocrx_word' id='word_1_248' title='bbox 1344 3697 1453 3758; x_wconf 89' lang='lat' dir='ltr'><strong>librum</strong></span> 
     </span>
     <span class='ocr_line' id='line_1_34' title="bbox 282 3791 1453 3878; baseline 0.001 -23"><span class='ocrx_word' id='word_1_249' title='bbox 282 3797 305 3855; x_wconf 86' lang='lat' dir='ltr'>F</span> <span class='ocrx_word' id='word_1_250' title='bbox 329 3798 510 3877; x_wconf 81' lang='lat' dir='ltr'><strong>anteferens,</strong></span> <span class='ocrx_word' id='word_1_251' title='bbox 538 3799 589 3875; x_wconf 90' lang='lat' dir='ltr'><strong>qui</strong></span> <span class='ocrx_word' id='word_1_252' title='bbox 617 3817 645 3859; x_wconf 92' lang='lat' dir='ltr'><strong>u.</strong></span> <span class='ocrx_word' id='word_1_253' title='bbox 669 3795 712 3859; x_wconf 84' lang='lat'><strong>35</strong></span> <span class='ocrx_word' id='word_1_254' title='bbox 740 3798 878 3878; x_wconf 90' lang='lat' dir='ltr'><strong>perbibet</strong></span> <span class='ocrx_word' id='word_1_255' title='bbox 906 3793 996 3857; x_wconf 74' lang='lat' dir='ltr'><strong>‘Haec</strong></span> <span class='ocrx_word' id='word_1_256' title='bbox 1020 3791 1094 3873; x_wconf 87' lang='lat' dir='ltr'><strong>tibi’,</strong></span> <span class='ocrx_word' id='word_1_257' title='bbox 1122 3797 1161 3854; x_wconf 90' lang='lat' dir='ltr'><strong>ita</strong></span> <span class='ocrx_word' id='word_1_258' title='bbox 1190 3793 1333 3857; x_wconf 90' lang='lat' dir='ltr'><strong>scribere:</strong></span> <span class='ocrx_word' id='word_1_259' title='bbox 1363 3792 1453 3856; x_wconf 75' lang='lat' dir='ltr'><strong>‘Haec</strong></span> 
     </span>
     <span class='ocr_line' id='line_1_35' title="bbox 283 3892 1454 3974; baseline 0.001 -20"><span class='ocrx_word' id='word_1_260' title='bbox 283 3894 336 3954; x_wconf 92' lang='lat' dir='ltr'><strong>tibi</strong></span> <span class='ocrx_word' id='word_1_261' title='bbox 355 3894 476 3973; x_wconf 84' lang='lat' dir='ltr'><strong>Pompei</strong></span> <span class='ocrx_word' id='word_1_262' title='bbox 495 3895 569 3956; x_wconf 89' lang='lat' dir='ltr'><strong>detr.</strong></span> <span class='ocrx_word' id='word_1_263' title='bbox 588 3915 629 3956; x_wconf 92' lang='lat' dir='ltr'><strong>ar.</strong></span> <span class='ocrx_word' id='word_1_264' title='bbox 648 3892 705 3957; x_wconf 90' lang='lat' dir='ltr'><strong>tr.&#39;.</strong></span> <span class='ocrx_word' id='word_1_265' title='bbox 746 3897 831 3968; x_wconf 78' lang='lat' dir='ltr'><strong>Quod</strong></span> <span class='ocrx_word' id='word_1_266' title='bbox 851 3899 931 3957; x_wconf 91' lang='lat' dir='ltr'><strong>enim</strong></span> <span class='ocrx_word' id='word_1_267' title='bbox 949 3913 1054 3974; x_wconf 91' lang='lat' dir='ltr'><strong>parum</strong></span> <span class='ocrx_word' id='word_1_268' title='bbox 1077 3895 1269 3973; x_wconf 90' lang='lat' dir='ltr'><strong>perspicuum</strong></span> <span class='ocrx_word' id='word_1_269' title='bbox 1292 3913 1357 3956; x_wconf 88' lang='lat' dir='ltr'><strong>esse</strong></span> <span class='ocrx_word' id='word_1_270' title='bbox 1381 3897 1454 3955; x_wconf 85' lang='lat' dir='ltr'><strong>dicit</strong></span> 
     </span>
     <span class='ocr_line' id='line_1_36' title="bbox 283 3975 1452 4076; baseline 0 -24"><span class='ocrx_word' id='word_1_271' title='bbox 283 3987 388 4074; x_wconf 85' lang='lat' dir='ltr'><strong>(praei.</strong></span> <span class='ocrx_word' id='word_1_272' title='bbox 416 4012 443 4071; x_wconf 95' lang='lat' dir='ltr'><strong>p.</strong></span> <span class='ocrx_word' id='word_1_273' title='bbox 468 3975 564 4076; x_wconf 79' lang='lat' dir='ltr'><strong>illu),</strong></span> <span class='ocrx_word' id='word_1_274' title='bbox 597 4013 660 4072; x_wconf 90' lang='lat' dir='ltr'><strong>quo·</strong></span> <span class='ocrx_word' id='word_1_275' title='bbox 685 3999 750 4056; x_wconf 90' lang='lat' dir='ltr'><strong>iure</strong></span> <span class='ocrx_word' id='word_1_276' title='bbox 783 4016 810 4056; x_wconf 93' lang='grc' dir='ltr'><strong>ιι.</strong></span> <span class='ocrx_word' id='word_1_277' title='bbox 834 3992 926 4073; x_wconf 81' lang='lat' dir='ltr'><strong>3‘lsq.</strong></span> <span class='ocrx_word' id='word_1_278' title='bbox 957 3992 1055 4054; x_wconf 90' lang='lat' dir='ltr'><strong>subito</strong></span> <span class='ocrx_word' id='word_1_279' title='bbox 1083 3993 1119 4051; x_wconf 95' lang='lat' dir='ltr'><strong>ad</strong></span> <span class='ocrx_word' id='word_1_280' title='bbox 1151 3991 1323 4071; x_wconf 90' lang='lat' dir='ltr'><strong>Pompeium</strong></span> <span class='ocrx_word' id='word_1_281' title='bbox 1355 3996 1452 4073; x_wconf 87' lang='lat' dir='ltr'><strong>ipsum</strong></span> 
     </span>
     <span class='ocr_line' id='line_1_37' title="bbox 283 4085 1454 4175; baseline 0 -25"><span class='ocrx_word' id='word_1_282' title='bbox 283 4085 388 4172; x_wconf 66' lang='lat' dir='ltr'><strong>(tihi)</strong></span> <span class='ocrx_word' id='word_1_283' title='bbox 413 4091 504 4152; x_wconf 87' lang='lat' dir='ltr'><strong>uerba</strong></span> <span class='ocrx_word' id='word_1_284' title='bbox 528 4093 644 4175; x_wconf 85' lang='lat' dir='ltr'><strong>dirigat,</strong></span> <span class='ocrx_word' id='word_1_285' title='bbox 668 4094 740 4155; x_wconf 91' lang='lat' dir='ltr'><strong>nibil</strong></span> <span class='ocrx_word' id='word_1_286' title='bbox 763 4094 851 4173; x_wconf 84' lang='lat' dir='ltr'><strong>rralet,</strong></span> <span class='ocrx_word' id='word_1_287' title='bbox 876 4093 1014 4170; x_wconf 87' lang='lat' dir='ltr'><strong>quoniam</strong></span> <span class='ocrx_word' id='word_1_288' title='bbox 1038 4093 1181 4151; x_wconf 90' lang='lat' dir='ltr'><strong>orationis</strong></span> <span class='ocrx_word' id='word_1_289' title='bbox 1204 4093 1290 4170; x_wconf 84' lang='lat' dir='ltr'><strong>uigor</strong></span> <span class='ocrx_word' id='word_1_290' title='bbox 1314 4092 1362 4153; x_wconf 88' lang='lat' dir='ltr'><strong>bic</strong></span> <span class='ocrx_word' id='word_1_291' title='bbox 1386 4094 1454 4172; x_wconf 88' lang='lat' dir='ltr'><strong>lert,</strong></span> 
     </span>
     <span class='ocr_line' id='line_1_38' title="bbox 283 4188 1483 4274; baseline -0.001 -25"><span class='ocrx_word' id='word_1_292' title='bbox 283 4197 316 4249; x_wconf 92' lang='lat' dir='ltr'><strong>ut</strong></span> <span class='ocrx_word' id='word_1_293' title='bbox 340 4188 426 4248; x_wconf 93' lang='lat' dir='ltr'><strong>modo</strong></span> <span class='ocrx_word' id='word_1_294' title='bbox 450 4189 508 4250; x_wconf 92' lang='lat' dir='ltr'><strong>buc</strong></span> <span class='ocrx_word' id='word_1_295' title='bbox 532 4192 618 4251; x_wconf 94' lang='lat' dir='ltr'><strong>modo</strong></span> <span class='ocrx_word' id='word_1_296' title='bbox 642 4191 712 4251; x_wconf 88' lang='lat' dir='ltr'><strong>illuc</strong></span> <span class='ocrx_word' id='word_1_297' title='bbox 736 4191 910 4270; x_wconf 91' lang='lat' dir='ltr'><strong>Propertius</strong></span> <span class='ocrx_word' id='word_1_298' title='bbox 933 4188 1140 4249; x_wconf 90' lang='lat' dir='ltr'><strong>allocutionem</strong></span> <span class='ocrx_word' id='word_1_299' title='bbox 1164 4199 1327 4251; x_wconf 82' lang='lat' dir='ltr'><strong>concertat.</strong></span> <span class='ocrx_word' id='word_1_300' title='bbox 1364 4190 1451 4250; x_wconf 88' lang='lat' dir='ltr'><strong>Prae·</strong></span> <span class='ocrx_word' id='word_1_301' title='bbox 1479 4266 1483 4274; x_wconf 22' lang='lat'>⁸</span> 
     </span>
     <span class='ocr_line' id='line_1_39' title="bbox 270 4287 1451 4369; baseline 0.001 -23"><span class='ocrx_word' id='word_1_302' title='bbox 270 4295 364 4356; x_wconf 78' lang='lat' dir='ltr'><strong>,terea</strong></span> <span class='ocrx_word' id='word_1_303' title='bbox 388 4290 480 4348; x_wconf 90' lang='lat' dir='ltr'><strong>maior</strong></span> <span class='ocrx_word' id='word_1_304' title='bbox 505 4307 553 4348; x_wconf 91' lang='lat' dir='ltr'><strong>res</strong></span> <span class='ocrx_word' id='word_1_305' title='bbox 578 4295 637 4369; x_wconf 88' lang='lat' dir='ltr'><strong>est,</strong></span> <span class='ocrx_word' id='word_1_306' title='bbox 661 4290 686 4347; x_wconf 92' lang='lat' dir='ltr'><strong>si</strong></span> <span class='ocrx_word' id='word_1_307' title='bbox 709 4293 775 4347; x_wconf 87' lang='lat' dir='ltr'><strong>tres&#39;</strong></span> <span class='ocrx_word' id='word_1_308' title='bbox 794 4289 885 4346; x_wconf 84' lang='lat' dir='ltr'><strong>lrrisse</strong></span> <span class='ocrx_word' id='word_1_309' title='bbox 909 4287 1076 4366; x_wconf 91' lang='lat' dir='ltr'><strong>triumphos</strong></span> <span class='ocrx_word' id='word_1_310' title='bbox 1099 4289 1152 4366; x_wconf 88' lang='lat' dir='ltr'><strong>ait,</strong></span> <span class='ocrx_word' id='word_1_311' title='bbox 1176 4295 1206 4347; x_wconf 89' lang='lat' dir='ltr'><strong>ct</strong></span> <span class='ocrx_word' id='word_1_312' title='bbox 1230 4290 1317 4347; x_wconf 89' lang='lat' dir='ltr'><strong>nimis</strong></span> <span class='ocrx_word' id='word_1_313' title='bbox 1340 4287 1451 4347; x_wconf 90' lang='lat' dir='ltr'><strong>uiolen-</strong></span> 
     </span>
    </p>
   </div>
   <div class='ocr_carea' id='block_1_11' title="bbox 356 4476 1279 4548">
    <p class='ocr_par' dir='ltr' id='par_1_11' title="bbox 356 4476 1279 4548">
     <span class='ocr_line' id='line_1_40' title="bbox 356 4476 1279 4548; baseline -0.001 -19"><span class='ocrx_word' id='word_1_314' title='bbox 356 4478 382 4545; x_wconf 84' lang='grc'><strong>1)</strong></span> <span class='ocrx_word' id='word_1_315' title='bbox 401 4477 444 4530; x_wconf 83' lang='lat' dir='ltr'><strong>lta</strong></span> <span class='ocrx_word' id='word_1_316' title='bbox 464 4476 603 4532; x_wconf 80' lang='lat' dir='ltr'><strong>‘fortunae</strong></span> <span class='ocrx_word' id='word_1_317' title='bbox 623 4476 692 4531; x_wconf 76' lang='lat' dir='ltr'><strong>icbu&#39;</strong></span> <span class='ocrx_word' id='word_1_318' title='bbox 712 4477 816 4548; x_wconf 77' lang='lat' dir='ltr'><strong>legitor</strong></span> <span class='ocrx_word' id='word_1_319' title='bbox 834 4479 909 4548; x_wconf 87' lang='lat' dir='ltr'><strong>opud</strong></span> <span class='ocrx_word' id='word_1_320' title='bbox 928 4480 978 4534; x_wconf 81' lang='lat' dir='ltr'><strong>(lu.</strong></span> <span class='ocrx_word' id='word_1_321' title='bbox 997 4496 1030 4534; x_wconf 92' lang='lat' dir='ltr'><strong>ex</strong></span> <span class='ocrx_word' id='word_1_322' title='bbox 1048 4479 1128 4534; x_wconf 84' lang='lat' dir='ltr'><strong>Ponb.</strong></span> <span class='ocrx_word' id='word_1_323' title='bbox 1148 4478 1173 4530; x_wconf 86' lang='lat' dir='ltr'><strong>ll</strong></span> <span class='ocrx_word' id='word_1_324' title='bbox 1193 4482 1217 4546; x_wconf 83' lang='grc'><strong>7,</strong></span> <span class='ocrx_word' id='word_1_325' title='bbox 1237 4481 1279 4530; x_wconf 83' lang='grc'><strong>41.</strong></span> 
     </span>
    </p>
   </div>
   <div class='ocr_carea' id='block_1_12' title="bbox 0 0 1540 5042">
    <p class='ocr_par' dir='ltr' id='par_1_12' title="bbox 0 0 1540 5042">
     <span class='ocr_line' id='line_1_41' title="bbox 0 0 1540 5042; baseline 0 0"><span class='ocrx_word' id='word_1_326' title='bbox 0 0 1540 5042; x_wconf 95' lang='lat' dir='ltr'><strong> </strong></span> 
     </span>
    </p>
   </div>
  </div>
 </body>
</html>
