3067 5042
540 403 779 468 -163-

39 587 111 628 eum
148 585 256 647 posse
285 585 393 628 censeo
421 565 583 628 rrerborum
613 565 853 643 transpositione.
903 561 1138 623 Rescribendum
1170 569 1244 639 puto

39 684 113 724 :um
144 665 235 726 erc.
259 664 413 726 Muellero:

285 789 350 849 Non
373 789 427 850 tibi
452 789 609 866 quadrigae
634 789 750 867 prosint
774 786 831 845 lata
855 777 1062 864 Amphiareae,

331 888 388 947 Aut
412 886 539 965 Capanei
563 903 668 963 magno
693 893 775 962 grata
798 887 884 944 ruiua
907 883 979 943 loni.

39 1011 204 1071 Formam
232 1020 340 1092 autem,
365 1030 440 1090 quae
465 1018 510 1070 est
533 1009 736 1089 Amphiaraus,
759 1009 948 1088 Propertium
968 1007 1172 1067 Alexandrinis
1195 1005 1244 1065 de·

42 1110 143 1189 bere,
172 1109 307 1170 fortasse
331 1109 515 1190 Euphorioui
540 1117 773 1168 consentaneum
796 1117 854 1187 est3
883 1108 919 1167 cl.
943 1106 975 1166 L.
999 1104 1095 1166 Muell.
1119 1113 1149 1164 et
1172 1103 1244 1182 Aug.
1327 1146 1334 1160 .

45 1207 125 1268 Otto
153 1227 187 1288 p.
206 1205 262 1268 41.
298 1207 390 1268 Multo
416 1210 512 1266 miuus
536 1205 681 1286 arrident,
710 1206 789 1283 quod
812 1205 947 1284 Vugerus
970 1203 1050 1263 Auel.
1073 1203 1121 1263 Pr.
1145 1221 1173 1281 p,
1188 1199 1246 1262 40:

48 1301 141 1364 ‘Non
170 1307 235 1364 iam
260 1300 420 1364 Pheraeae’
449 1313 479 1364 et
507 1305 586 1383 quod
614 1303 674 1366 Leo
698 1324 725 1383 p.
740 1301 855 1381 436sq.
880 1301 1070 1362 scribendum
1093 1303 1246 1379 proponit:

52 1398 138 1462 ‘Non
157 1398 322 1484 Oropeae’,
342 1405 409 1481 quia
425 1405 455 1462 in
471 1406 589 1484 nornine
605 1404 725 1485 proprio
741 1401 833 1461 latere
849 1403 954 1461 uitium
969 1403 1020 1461 uix
1035 1399 1176 1459 credibile
1192 1407 1247 1460 est.

56 1543 99 1603 lll
125 1541 182 1626 15,
204 1542 239 1605 3:
286 1545 323 1606 Vt
343 1546 414 1605 mihi
432 1553 602 1628 praetextae
621 1545 717 1623 pudor
737 1554 783 1605 est
802 1544 917 1604 [relatus
936 1546 1045 1604 amictu
1065 1562 1126 1621 eqs.

59 1687 112 1746 Sic
143 1696 235 1747 antea
265 1687 355 1768 uulgo
383 1688 544 1766 legebatur.
586 1686 676 1748 Godd.
704 1689 743 1746 ita
773 1687 955 1766 discrepant:
985 1696 1137 1766 praetexte
1164 1685 1247 1765 PDV,

60 1789 218 1864 praetexti
244 1785 277 1845 N.
324 1785 447 1846 Versum
476 1788 515 1846 ita
544 1793 578 1845 ut
605 1787 729 1864 apposui
757 1792 836 1845 stare
864 1803 922 1845 non
953 1804 1039 1863 posse
1063 1788 1120 1845 iam
1144 1784 1246 1844 Hertz·
1330 1819 1333 1822 <

61 1886 192 1964 bergius
218 1884 301 1944 uidit.
340 1883 412 1943 Male
437 1885 516 1944 enim
540 1890 692 1960 praetexta
710 1885 831 1944 amictui
850 1885 1019 1964 opponitur,
1043 1902 1111 1944 cum
1131 1891 1161 1943 et
1180 1892 1248 1962 toga

64 1983 167 2043 uirilis
193 1991 224 2042 et
248 1989 398 2060 praetexta
423 1984 547 2042 amictus
572 1983 618 2040 sit.
656 1980 871 2060 Repenendum
894 1983 986 2059 igitur
1009 1989 1054 2042 est
1078 1979 1246 2058 eNeapoli-

67 2090 139 2141 tano
156 2074 328 2159 ‘praetexti’
345 2087 374 2138 et
388 2079 427 2159 id,
450 2079 528 2157 qued
543 2078 610 2138 libri
626 2076 674 2136 bv
688 2079 842 2159 praebent,
861 2077 910 2137 FN
924 2078 1064 2159 indicent,
1088 2071 1247 2138 ‘amictus’.

70 2179 170 2239 Sanus
196 2185 294 2238 antem
319 2185 352 2237 ut
375 2177 498 2256 prodeat
521 2195 629 2237 uersus
653 2195 668 2235 e
693 2176 881 2236 librariorum
901 2177 1063 2255 erroribnS,
1086 2167 1193 2236 nescio
1211 2193 1248 2234 an

71 2296 128 2356 pro
144 2269 295 2356 ‘uelatus',
315 2273 393 2353 quod
409 2275 444 2334 ad
464 2291 585 2334 sensum
599 2292 703 2352 parum
719 2281 820 2352 aptum
835 2282 889 2353 est,
913 2292 981 2333 cum
996 2273 1110 2351 Gnyeto
1129 2267 1246 2332 ‘elatus'

73 2374 124 2434 uel
152 2391 221 2434 cum
249 2371 328 2432 Italis
359 2367 515 2432 sublatus'
544 2371 734 2431 scribendum
763 2374 809 2431 sit.
856 2369 977 2432 Velandi
1005 2373 1085 2431 enim
1113 2370 1248 2451 uerbum,

76 2473 217 2550 quoniam
240 2471 276 2530 de
299 2469 435 2531 uestibus
454 2469 481 2529 b
501 2469 519 2530 l.
538 2471 644 2549 agitur,
664 2469 775 2530 lacile
766 2487 901 2549 irrepere
920 2471 1025 2549 potuit
1057 2468 1160 2548 ltaque
1180 2486 1249 2528 cum

77 2568 257 2628 Baehrensio
280 2567 437 2648 legendum
460 2575 546 2646 puto:

291 2693 327 2768 Vt
346 2694 416 2754 mihi
436 2696 582 2773 praetexti
601 2695 697 2772 pudor
716 2701 763 2754 est
781 2692 915 2754 sublatus
933 2697 1067 2754 amic-tus.

84 2819 194 2878 Sensus
212 2827 269 2878 est:
289 2827 444 2897 postquam
465 2818 561 2895 pudor
579 2816 711 2896 puerilis,
731 2836 821 2894 quem
839 2825 1011 2895 praetextus
1030 2820 1155 2877 amictus
1174 2817 1249 2876 lere-

86 2917 142 2998 bat,
163 2925 227 2995 toga
250 2916 330 2976 uirili
354 2923 469 2992 sumpta
494 2915 591 2974 cessit.

172 3013 337 3091 Sequemur
368 3013 454 3089 pauci
482 3010 553 3090 loci,
586 3008 636 3070 ubi
664 3009 690 3070 N
717 3008 807 3070 darae
835 3010 970 3071 lectionis
1001 3014 1126 3090 uestigia
1158 3015 1251 3089 magis

91 3113 215 3172 seruauit
236 3125 322 3186 quam
347 3110 440 3167 ceteri
463 3106 539 3166 libri.

63 3236 117 3298 all
139 3233 185 3316 32,
207 3231 237 3294 5:
292 3231 352 3292 Gur
372 3240 422 3292 ant
441 3241 470 3292 te
490 3229 669 3291 Herculeum
690 3234 846 3312 deportant
865 3235 969 3294 esseda
987 3231 1105 3294 Tibur?

338 3330 431 3406 Appia
455 3347 509 3389 cur
533 3331 642 3390 totiens
667 3339 696 3391 te
720 3334 769 3392 uia
792 3332 875 3394 ducit
897 3330 995 3413 anus?

97 3457 127 3517 lu
147 3455 169 3515 N
190 3455 292 3534 legitur
320 3449 431 3516 ‘Genua
454 3449 509 3534 te'3
537 3456 567 3514 in
596 3451 654 3515 0
657 3475 711 3518 cur
738 3453 986 3557 tratemJ-sllanc
1015 3461 1194 3540 scripturam
1220 3459 1252 3518 in

98 3555 227 3614 Perusino
249 3571 367 3634 queque
387 3561 536 3614 extantem
552 3553 706 3615 Palmerus
725 3555 857 3618 defendit
875 3565 963 3636 atque
982 3558 1090 3617 hunc
1081 3576 1111 3617 m
1131 3557 1250 3618 modum

100 3669 206 3712 uersum
223 3651 360 3732 explicat:
384 3645 471 3732 ‘Cyot
458 3651 518 3712 thia
538 3652 574 3711 ad
594 3670 678 3713 suam
692 3654 812 3713 domum
827 3653 1014 3713 Tiburtinam
1028 3647 1080 3735 (cl
1095 3653 1136 3711 lli
1152 3650 1201 3726 16,
1216 3645 1261 3731 2)

102 3758 186 3810 uatem
203 3768 382 3830 praesagum,
401 3767 489 3810 anaim
509 3748 656 3810 fatidicam
676 3750 826 3830 deportari
847 3751 960 3810 essedis
984 3750 1075 3832 iubet,
1099 3759 1132 3811 nt
1152 3752 1252 3811 lutura

104 3846 312 3924 exponenti
274 3841 420 3926 t1,14
442 3842 495 3906 15:

293 3970 367 4030 Nam
386 3973 435 4030 cui
454 3988 513 4030 non
533 3988 586 4049 ego
606 3989 672 4032 sum
692 3972 787 4033 lallaci
805 3975 936 4051 praemia
954 3971 1038 4035 uati?

339 4067 420 4138 Quae
441 4086 504 4128 mea
523 4086 583 4128 non
603 4068 702 4130 decies
721 4073 835 4130 somnia
854 4078 955 4131 uersat
973 4068 1071 4136 anus?
1179 4082 1183 4087 '

110 4195 159 4256 Sed
171 4193 333 4255 obscuratur
352 4192 407 4252 hac
421 4194 666 4272 interpretatione
682 4203 889 4274 argumentum
905 4198 1015 4274 prioris
1034 4197 1123 4257 buius
1142 4197 1253 4275 elegiae

112 4296 197 4374 partis,
220 4292 267 4356 uhi
290 4292 465 4369 Propertius
488 4289 642 4370 Cynthiam
669 4295 832 4371 uituperat,
860 4293 939 4370 qnod
966 4296 1056 4354 toties
1084 4294 1176 4354 Roma
1204 4293 1253 4353 nel

112 4389 240 4471 potlueab
263 4392 328 4468 ipso
347 4388 480 4451 discedat
499 4398 528 4449 et
551 4389 681 4450 taedium
700 4390 784 4452 urhis
802 4389 1035 4471 religionemque
1055 4391 1253 4470 praetendens

114 4496 178 4568 potat
196 4487 249 4547 loca
272 4487 307 4547 ab
330 4487 484 4548 bominum
507 4485 594 4549 turba
617 4491 811 4568 frequentata.
849 4490 978 4570 decede,
1002 4489 1081 4570 qnod
1104 4493 1135 4549 in
1158 4508 1187 4550 n.
1209 4507 1253 4548 se·

990 4590 1042 4643 11*
