3067 5042
672 363 914 428 -144-
1389 423 1418 475 ‘s

204 526 342 586 aberrare
359 544 446 604 quam
461 527 492 590 iu
506 523 640 590 alterum.
678 526 738 588 Sed
752 545 840 605 quam
861 525 947 589 facile
962 545 1064 593 merus
1076 546 1163 600 error
1177 547 1212 590 ex
1228 510 1392 594 communi
1498 540 1520 598 ts.

204 623 350 684 librorum
369 622 417 683 DV
436 625 516 686 sonte
541 624 723 703 repetendus
746 624 870 696 subesse
888 623 1001 703 petestl
1039 625 1155 704 Sequor
1176 629 1267 706 igitur
1287 627 1381 688 Lach—
1507 642 1530 702 ..p

204 740 354 804 mannum‚
379 724 430 801 qui
454 730 521 800 apte
546 722 662 783 confert
685 722 740 783 Ou.
765 741 819 783 am.
844 721 870 781 ll
896 720 924 803 1,
950 720 1014 810 163

418 847 492 912 Cum
516 847 591 908 male
615 866 646 907 se
670 846 773 911 Tellus
795 846 857 918 ulta
880 854 935 927 est,
959 850 1133 927 ingestaque
1158 811 1290 929 Olympo

463 944 562 1016 Ardua
585 945 733 1014 deuexum
756 945 860 1018 Pelion
883 945 1058 1018 Ossa'mlit.

161 1077 186 1116 fi
204 1059 232 1120 ll
253 1057 283 1140 5,
307 1058 348 1120 ei
417 1059 477 1122 Nec
501 1059 556 1120 tibi
579 1063 717 1140 periurae
742 1060 876 1121 scindam
898 1061 935 1121 tle
957 1079 1085 1140 corpore
1109 1069 1246 1127 uestes'
1278 1104 1292 1118 ..

204 1199 252 1264 Sic
280 1201 351 1282 legit
379 1197 577 1263 Baehrensius
606 1222 674 1263 cum
703 1203 812 1264 familia
837 1201 901 1286 ΙΝ,
925 1198 975 1265 FN
1002 1202 1091 1265 babet
1117 1198 1277 1283 ‘periuro’.
1319 1192 1390 1266 Sed¹
1502 1194 1521 1262 .‘

202 1299 281 1360 haud
310 1302 371 1361 soio
395 1319 440 1390 ¹an
470 1319 539 1360 sana
567 1300 765 1363 concludendi
798 1303 911 1363 ratione
945 1320 1032 1361 secus
1066 1309 1197 1361 statuere
1230 1282 1380 1381 cogamur.
1498 1305 1531 1341 ῑ··

203 1395 275 1458 Nam
300 1399 356 1458 etsi
379 1391 487 1460 miram
508 1416 574 1460 esse
597 1395 673 1462 lianc
697 1397 837 1460 adiectiui
864 1397 1038 1480 hypallagen
1067 1402 1168 1477 negari
1192 1402 1242 1458 uix
1271 1406 1378 1478 potest,
1525 1392 1528 1401 λ

204 1503 302 1556 tamen
335 1498 420 1574 quasi
453 1495 533 1556 ultro
566 1497 696 1581 suspicio
725 1495 812 1557 nobis
840 1517 872 1557 se
901 1496 989 1560 oliert
1016 1491 1173 1575 ‘periuro'
1206 1504 1318 1557 temere
1349 1496 1380 1555 in
1475 1534 1479 1545 ·

204 1594 328 1656 alterum
362 1602 507 1654 mutatum
540 1612 616 1653 esse.
670 1593 826 1674 Plerisque
858 1595 950 1676 igitur
983 1593 1131 1653 editorum
1165 1595 1293 1655 accedo'
1335 1593 1402 1654 Gt..

204 1689 342 1771 Hertzbg.
367 1691 400 1762 Q.
424 1690 456 1752 P.
479 1689 505 1752 ll
527 1710 556 1770 p.
583 1689 654 1753 143.

170 1830 406 1914 „1116,11sq.
430 1833 555 1912 Cynthia
578 1853 637 1898 non
662 1837 800 1913 sequitur
821 1836 918 1896 fasces
936 1853 991 1896 uec
1014 1843 1102 1895 curat
1122 1835 1265 1897 hommes:
1297 1864 1301 1872 ¹

473 1931 597 2012 Semper
621 1941 787 1994 amatorum
809 1932 954 2024 ponderat
978 1950 1036 1992 una
1059 1933 1152 1995 sinus.

204 2065 266 2125 Hoc
285 2065 322 2124 de
342 2063 406 2125 loco
425 2063 573 2125 Vahleuus
592 2065 644 2126 ll
663 2085 690 2145 p
706 2063 841 2144 342sqq.
866 2067 982 2144 primus
1004 2083 1112 2126 uerum
1135 2065 1205 2124 fecit
1226 2066 1379 2126 iudicium.

203 2162 301 2225 Facile
323 2164 402 2224 euim
426 2165 572 2244 quispiam
595 2163 752 2227 lectionem
778 2158 881 2243 ‘tiua'‚
908 2181 983 2243 quae
1008 2172 1054 2224 est
1076 2165 1109 2222 iu
1130 2162 1209 2243 Fu„
1220 2171 1381 2245 propterea

203 2262 276 2322 lerri
307 2279 365 2322 uon
399 2278 487 2340 posse
516 2261 688 2342 contendat,
720 2261 799 2340 quod
828 2263 971 2322 orationis
998 2263 1045 2320 uis
1077 2262 1222 2340 oppositis
1253 2260 1381 2323 uocibus

203 2353 332 2421 ‘fasces'
357 2366 387 2422 et
411 2354 570 2420 ‘bonores'
600 2361 629 2420 in
659 2353 775 2420 ‘sinite'
798 2360 883 2438 insit,
910 2359 1031 2420 minime
1059 2366 1158 2418 autem
1186 2367 1274 2437 poeta
1301 2358 1381 2421 dicat

204 2459 354 2518 neminem
372 2457 430 2516 nisi
450 2455 605 2536 cynthiam
628 2457 786 2534 pecuniam
804 2465 971 2517 amatorum
988 2458 1019 2517 in
1039 2458 1116 2536 togis
1135 2457 1283 2530 conditam
1305 2474 1380 2534 pon·

203 2555 317 2614 derare.
355 2554 393 2612 m
412 2551 561 2613 Vahlenus
581 2552 731 2614 nonnullis
755 2553 898 2631 exemplis
922 2553 1016 2613 allatis
1039 2555 1143 2631 poeias
1166 2571 1380 2632 nonnunquam

204 2671 295 2712 uoces
314 2645 421 2711 ‘unias'
436 2658 466 2709 et
485 2646 589 2710 ‘solus'
609 2669 668 2711 non
688 2651 724 2710 ad
743 2651 772 2710 id
792 2651 917 2716 uerbum
938 2651 1098 2732 rettulisse,
1117 2650 1153 2711 ad
1169 2651 1247 2730 quod
1263 2653 1380 2712 seueris

204 2748 352 2828 cogitandi
375 2747 489 2834 legibus
513 2749 708 2832 pertinerent,
731 2749 783 2808 sed
807 2747 842 2811 ad
867 2747 946 2809 aliud
965 2747 1132 2811 luculenter
1154 2747 1379 2810 demonstrauit.

204 2847 409 2907 Commemoro
442 2844 500 2904 duo
534 2846 666 2927 exempla
700 2847 907 2928 Propertiana,
941 2865 1016 2925 quae
1050 2853 1133 2906 extra
1163 2847 1379 2909 dubitationem

204 2947 300 3023 posita
323 2951 407 3005 sunt:

167 3087 185 3122 κ
205 3068 229 3126 ll
249 3065 307 3146 20,
327 3064 368 3127 27
416 3067 490 3127 Cum
514 3076 542 3128 te
566 3077 625 3130 tam
650 3068 735 3129 multi
758 3075 897 3148 peterent
920 3077 952 3129 tu
977 3087 1023 3130 me
1048 3089 1107 3131 una
1129 3073 1243 3151 petisti,

205 3200 256 3263 ubi
280 3196 338 3262 ‘me
363 3197 467 3262 untrm'
491 3177 724 3281 intellegendum
748 3210 802 3283 est,
825 3210 870 3264 et:

150 3368 185 3410 f
205 3323 242 3384 IV
265 3321 294 3405 9,
320 3321 362 3385 59
415 3325 450 3384 ni
473 3325 527 3386 tibi
550 3326 621 3386 dent
645 3325 717 3387 alios
737 3328 852 3386 lentes:
876 3326 949 3388 baec
968 3327 1086 3407 lympha
1105 3328 1212 3407 puellis

461 3424 535 3484 Auia
559 3427 667 3485 semoti
691 3424 795 3484 limitis
816 3443 874 3484 una
898 3425 977 3507 fluit,

206 3565 257 3628 ubi
280 3585 387 3628 sensus
411 3560 528 3644 ‘puellis
548 3559 627 3626 urns'
651 3567 788 3646 postulat.
826 3565 906 3628 Haec
925 3570 950 3626 si
970 3567 1217 3643 consideraueris,
1240 3559 1376 3640 spurium
1486 3638 1492 3657 Ι

204 3684 270 3726 esse
295 3665 420 3725 alterum
444 3657 525 3722 ‘illa'
549 3658 625 3746 (DV)
651 3667 699 3724 uix
724 3665 846 3743 negabis
870 3675 900 3725 et
923 3683 939 3723 a
963 3667 1064 3724 nescio
1088 3680 1146 3740 quo
1171 3662 1297 3718 fortasse
1320 3658 1378 3715 iam
1488 3672 1492 3683 ·

204 3765 333 3842 antiquis
357 3761 541 3840 temporibus
565 3765 729 3842 repositum
752 3782 786 3822 ea
809 3766 873 3841 ipsa
897 3762 932 3820 de
952 3780 1048 3841 causa,
1067 3756 1147 3836 quod
1170 3749 1251 3815 ‘tina’
1276 3757 1377 3814 sensui

203 3879 308 3942 parum
333 3861 495 3920 conuenire
518 3858 684 3922 uidebatur.

155 3979 381 4084 ,ν’1126”,53
417 4002 510 4063 Crede
534 4003 607 4062 mibi
630 4003 716 4063 nobis
740 4004 877 4061 mitescet
900 3997 996 4076 Scylla
1019 4015 1229 4077 necunquam
1253 4015 1313 4076 eqs.

204 4144 247 4206 lta
271 4147 416 4223 scriptum
439 4153 485 4206 est
507 4148 539 4204 in
558 4143 608 4202 FN
627 4153 657 4204 et
680 4145 795 4202 assensi
813 4149 883 4200 sunt
902 4156 1005 4200 omnes
1024 4148 1142 4219 praeter
1161 4139 1377 4201 Baehreusium

204 4243 341 4304 editores.
388 4243 416 4302 ls
441 4237 620 4322 mutescat,
644 4239 722 4319 quod
747 4239 796 4300 DV
818 4237 941 4320 babent,
967 4240 1107 4318 praefert.
1153 4239 1214 4299 Nec
1239 4257 1308 4298 sane
1333 4239 1377 4297 in-

204 4351 304 4420 eptum
330 4341 384 4402 boc
405 4347 459 4418 est,
483 4340 551 4417 quia
576 4339 611 4398 ad
635 4358 739 4400 riocem
760 4337 873 4417 Scyllae
897 4337 1009 4419 allimit,
1033 4356 1107 4416 quae
1127 4339 1227 4398 nautis
1244 4342 1379 4413 praeter-

203 4438 383 4502 uehentihus
415 4435 552 4499 latratum
581 4436 669 4498 edere
699 4436 885 4512 credebatur.
908 4437 990 4510 seu
1023 4455 1091 4498 cum
1123 4445 1192 4522 aute
1220 4433 1380 4512 Apuleium
