3067 5042
37 477 87 545 's

22 532 312 648 ι’1111253333
335 562 409 622 Nam
433 565 500 641 quis
524 581 601 641 equo
626 561 725 639 pulsas
749 560 873 640 abiegno
898 571 1036 622 nosceret
1059 581 1152 645 arces,

379 659 574 739 Fluminaque
598 658 760 718 Haemonio
785 663 951 720 comminus
974 662 1033 720 isse
1060 664 1126 721 niro

335 759 454 821 ldaenm
479 760 629 819 Simoenta
653 755 732 817 louis
755 775 824 817 eum
847 759 930 835 prole
955 757 1144 840 Scamandro,

377 858 505 919 Hectora
529 873 583 935 per
606 873 725 933 campos
750 864 796 914 ter
820 855 982 916 maculasse
1006 854 1109 917 rotas?

9 985 116 1057 (111
139 985 191 1067 11,
207 985 313 1063 37333
338 984 433 1044 133331
456 981 618 1060 Phlegraeo
643 980 748 1039 melius
772 978 826 1039 tibi
849 981 953 1041 lunera
978 1000 1090 1062 campo,

378 1078 429 1138 Vel
453 1086 502 1138 tna
526 1080 551 1137 si
576 1096 679 1137 socero
704 1077 779 1138 colla
802 1076 926 1138 daturus
950 1097 1024 1139 eras.

69 1205 141 1264 Sed
168 1210 259 1288 nimisx
278 1207 327 1264 hic
352 1205 518 1281 quaesitum
542 1201 614 1263 mibi
634 1202 753 1263 uidetur
774 1199 829 1261 tale
849 1202 966 1262 dicendi
990 1222 1097 1282 genus:
1123 1204 1259 1265 facillime

70 1306 190 1378 reponi
221 1311 321 1381 potest
349 1321 364 1360 e
394 1294 493 1384 V(m.
516 1294 584 1374 itt:
618 1295 689 1357 ‘ltus
722 1317 831 1358 munus
863 1308 940 1380 erat,
973 1301 1096 1362 decussa
1130 1302 1258 1381 Cydonia

72 1399 250 1474 remollit
274 1395 355 1458 dare'
380 1419 440 1478 eqs.
488 1393 602 1458 ‘Erant’
631 1399 670 1457 ita
702 1397 826 1456 lortasse
850 1406 949 1458 ortum
973 1408 1032 1480 est,
1061 1408 1093 1460 nt
1121 1399 1259 1461 librarius

73 1493 176 1553 uerba
206 1491 341 1572 ‘decussa
370 1498 498 1577 Cydonia
523 1491 615 1556 ramo’
645 1513 699 1574 pro
724 1493 858 1554 subiecto
887 1498 1043 1576 acciperet.
1089 1497 1122 1558 ln
1151 1501 1259 1558 ceteris

76 1591 167 1652 libris
192 1593 296 1651 lacuna
318 1603 405 1653 extat.

174 1691 325 1751 Restant
348 1691 416 1751 dno
440 1691 523 1772 loci,
548 1691 608 1750 nbi
633 1690 718 1750 libri
742 1689 795 1749 DV
819 1700 990 1770 superant
1013 1693 1036 1750 F
1060 1693 1257 1752 deficiente

64 1789 329 1869 Neapolitano.

1 1917 2 1924 ’
40 1911 60 1956 t«
78 1912 118 1971 IV
138 1911 188 1994 11,
204 1909 321 1994 25333.
335 1881 482 1973 Cerberus
501 1921 531 1973 et
551 1913 646 1972 331133
665 1912 751 1973 hodie
772 1922 852 1994 petat
871 1913 1024 1993 improbus
1045 1914 1173 1994 umbras,

376 2009 414 2070 Et
437 2011 531 2070 iaceat
554 2013 641 2070 tacita
663 2010 742 2071 laxa
766 2021 869 2072 331333
893 2030 968 2072 sera.

79 2137 151 2197 lure
182 2136 379 2198 Raehrensins
407 2135 542 2196 codicum
572 2135 624 2194 llV
652 2135 808 2196 lectionem
838 2131 929 2196 ‘laxa'
957 2131 1051 2220 (lapsa
1075 2131 1113 2219 F)
1144 2138 1258 2218 probat,

82 2255 154 2296 cum
182 2239 290 2315 opponi
319 2234 431 2312 soleant
458 2235 537 2294 inter
565 2251 597 2293 se
627 2242 729 2294 catena
762 2232 825 2292 laxa
853 2242 884 2292 31
912 2242 972 2294 arta
1001 2233 1030 2294 b.
1054 2253 1078 2294 3.
1107 2234 1256 2297 adstricta.

1 2363 3 2442 p
84 2333 116 2392 Si
141 2333 290 2393 Cerberus
313 2334 448 2411 quiescit,
472 2339 574 2392 catena
599 2331 662 2392 laxa
687 2339 741 2411 est,
764 2333 811 2390 siu
835 2331 959 2413 prosilit,
982 2331 1186 2412 adstringitur.

47 2483 58 2519 t
85 2457 121 2515 IV
142 2456 192 2536 11,
214 2455 318 2536 bilsa:
342 2457 379 2518 Et
403 2459 479 2548 serie
504 2457 606 2517 lulcite
629 2475 737 2546 genus:
761 2456 833 2516 mibi
857 2456 961 2536 cymba
984 2457 1098 2518 nolenti

388 2553 521 2615 Soluitur
544 2558 708 2615 aucturis
732 2562 777 2615 tot
801 2574 864 2616 mea
888 2557 946 2616 lata
969 2559 1051 2616 meis.

87 2682 140 2742 Hic
163 2682 180 2741 l.
205 2681 307 2742 multis
331 2688 455 2741 uexatus
479 2690 524 2741 331
548 2681 737 2759 coniecturis
760 2699 834 2759 quas
857 2700 961 2741 omnes
985 2683 1074 2742 altere
1098 2683 1186 2759 piget.
1224 2679 1257 2738 ln

88 2778 168 2838 codd.
184 2775 292 2863 ¹inepta
316 2778 468 2857 leguntur:
493 2781 631 2856 nupturis
655 2777 687 2858 F,
711 2780 847 2837 unctnris
869 2778 935 2858 DV,
958 2779 1041 2838 malis
1066 2778 1099 2837 Ο,
1146 2778 1257 2837 Sanum

89 2876 208 2956 praebet
231 2895 351 2936 sensum
376 2884 406 2938 et
430 2876 464 2935 ad
490 2876 615 2936 familiae
640 2874 692 2933 DV
716 2879 893 2954 scripturam
923 2878 1055 2954 proxime
1082 2871 1257 2953 accedit'i'd,

89 2975 162 3052 quod
187 2973 393 3034 Lacbmaunns
416 2981 447 3034 et
466 2973 676 3053 Hertzbergins
696 2974 916 3035 commendant:
940 2976 1105 3034 aucturis
1129 2980 1173 3033 tot
1193 2991 1256 3032 mea

90 3075 142 3133 1313
170 3075 266 3133 meis.
312 3071 447 3132 Cornelia
476 3075 554 3132 enim
584 3071 711 3132 libenter
739 3090 772 3131 se
802 3073 876 3130 mori
900 3073 954 3152 ait,
982 3090 1050 3131 cum
1074 3090 1089 3129 a
1113 3077 1255 3150 nepotum

91 3172 161 3229 serie
191 3171 247 3230 lata
276 3189 328 3230 sna
357 3172 466 3230 maiora
497 3172 607 3231 lactum
634 3173 671 3230 iri
702 3178 810 3249 speret.
857 3169 1059 3230 Kindseberus
1087 3162 1176 3251 (tius.
1201 3167 1255 3227 Rh.

91 3267 161 3327 xvir
185 3288 211 3347 p.
236 3259 314 3348 223)
340 3263 421 3328 ‘lata'
446 3267 619 3328 mutandum
644 3274 745 3327 censet
768 3269 799 3325 13
823 3261 932 3347 “13313’,
962 3269 1025 3326 3133
1053 3269 1130 3327 13313
1159 3286 1256 3344 33333,

91 3373 121 3424 31
142 3364 211 3453 mibi
235 3363 364 3424 uidetur.
1329 3350 1337 3360 ”

172 3598 251 3659 Η333
276 3600 300 3657 si
324 3617 392 3659 cnm
416 3598 512 3678 aliqua
536 3597 741 3677 probabilitate
765 3596 912 3676 disputata
936 3603 1014 3675 sunt,
1038 3614 1096 3675 qno
1122 3596 1256 3656 nonnulli

94 3695 180 3753 critici
204 3699 233 3754 13
258 3697 440 3777 Neapolitani
463 3696 576 3757 honore
601 3695 785 3759 delendendo
810 3696 1024 3774 processerint,
1052 3694 1157 3754 elucet.
1204 3694 1257 3754 Est

95 3791 162 3848 enirn
188 3809 224 3850 ne
248 3792 296 3851 hic
321 3795 440 3872 quidem
464 3793 538 3854 liber
562 3814 578 3852 a
602 3793 789 3873 grauioribus
815 3792 992 3872 corruptelis
1021 3781 1071 3852 aut
1098 3791 1255 3868 interpola-

95 3888 215 3949 tionibus
238 3906 361 3971 nacuus,
385 3891 502 3970 quade
526 3911 558 3952 re
584 3895 672 3952 etiam
696 3894 844 3954 editorum
868 3892 1018 3972 plerisque
1039 3896 1163 3968 3333131,
1186 3907 1255 3948 cnm

1 4013 2 4070 ]
95 3987 262 4047 313333133
290 3988 489 4065 persuadeant
516 3990 573 4050 loci
602 3989 674 4049 nihil
702 3989 784 4052 dubii
813 3990 1028 4071 relinquentes,
1056 3985 1157 4066 quales
1185 3996 1256 4046 snnt

1 4073 2 4118 ἕ
96 4080 154 4164 13,
178 4081 234 4165 433
258 4084 283 4144 ll
310 4081 363 4159 15,
387 4082 443 4166 493
467 4083 603 4168 32,·33,
632 4087 682 4147 nbi
710 4088 872 4150 licentioris
901 4090 1071 4149 mutationis
1094 4085 1201 4146 indicia
1224 4088 1255 4146 in

96 4180 246 4264 Nextant,
275 4190 306 4243 et
333 4182 359 4242 ll
383 4180 439 4264 30,
465 4180 519 4266 193
547 4184 586 4243 lll
613 4185 645 4266 1,
669 4183 725 4266 23,
752 4186 813 4268 3111,
842 4187 957 4266 quibus
979 4189 1115 4266 grauiore
1143 4184 1256 4245 librarii

97 4298 186 4340 errore
214 4300 306 4360 praua
334 4283 482 4362 scriptura
510 4286 575 4342 oria
602 4283 729 4343 uidetur.
771 4284 831 4344 iam
855 4284 953 4367 uides,
982 4305 1041 4365 qno
1069 4288 1132 4346 iure
1156 4282 1255 4343 Helm-

97 4379 223 4461 reichiuS,
247 4381 316 4462 Leo,
340 4400 456 4462 omnes,
480 4383 531 4460 qui
555 4380 590 4440 ab
614 4381 668 4441 bac
691 4388 775 4460 parte
800 4390 891 4462 stent,
915 4383 1140 4464 Neapolitanum
1163 4400 1258 4444 unrrm

98 4476 280 4556 sequendum,
299 4479 371 4539 alios
390 4479 481 4539 libros
501 4496 624 4558 prorsus
644 4477 812 4538 abiciendos
828 4497 893 4537 esse
909 4481 1098 4542 contendant.
1127 4482 1258 4566 Accedit,

139 4585 314 4630 Dissertationea
327 4592 441 4631 Ienonses.
463 4592 494 4630 ΙΙ,
1012 4588 1044 4634 13
