3067 5042
773 390 1009 454 ..190-

303 552 459 614 lectionem
484 549 578 614 ‘time'
602 556 760 634 genuinam
785 571 851 614 esse
875 562 985 633 censet,
1008 571 1025 612 e
1050 571 1108 632 qaia
1132 560 1162 612 et
1184 552 1312 614 familiae
1335 551 1393 612 DV
1419 549 1459 614 ‘ti

303 646 361 710 me'
386 659 416 712 ct
440 651 507 712 libri
527 651 549 712 F
569 647 681 713 ‘timeo'
701 651 850 732 linxerint,
874 658 904 711 et
923 670 939 712 e
958 650 1064 712 uocula
1084 645 1169 730 ‘sod',
1193 669 1269 730 quae
1288 658 1439 730 corrupta

303 749 432 831 uidetur,
448 753 518 811 noni
534 750 643 829 aliquid
659 750 781 810 eliciens
796 749 987 810 scribendum
1002 751 1171 829 suspicatur
1186 744 1228 832 (p.
1238 745 1304 810 446
1319 747 1424 809 adnot.
1443 745 1476 829 1)

515 873 651 956 Cynthia!
675 893 758 936 sacra
782 877 868 936 time:
892 874 1016 936 credere
1041 873 1127 936 turba
1152 883 1239 938 aaut
1495 858 1496 907 l

230 1051 232 1056 ·
303 1018 411 1079 Contra
440 1018 513 1078 mibi
540 1035 672 1078 errorem
701 1016 911 1096 procliuiorem
934 1017 1026 1077 inisse
1049 1026 1225 1077 constater
1249 1012 1315 1076 ‘tibi
1338 1011 1400 1076 me'
1427 1033 1492 1092 per

302 1117 509 1196 compendium
529 1123 648 1176 exarato
667 1117 698 1174 in
717 1110 821 1195 ‘time'‚
840 1133 900 1194 qno
918 1115 1041 1196 accedit,
1061 1115 1140 1195 quod
1154 1115 1226 1175 illud
1242 1116 1345 1176 sensui
1359 1117 1488 1192 aptissi-
1498 1156 1500 1211 4

303 1233 383 1275 mum
408 1223 461 1274 cst.
508 1213 567 1273 lam
591 1213 657 1291 quis
682 1231 740 1272 non
766 1214 849 1274 uidet
871 1213 919 1273 illa
942 1215 1115 1275 coniectura
1138 1232 1187 1293 ea,
1213 1231 1288 1291 qnae
1313 1221 1376 1272 arte
1401 1215 1501 1281 interl

303 1330 334 1371 se
368 1313 525 1372 coniuncta
557 1321 588 1371 et
619 1313 754 1390 opposita
787 1320 869 1389 sunt,
907 1312 1031 1372 moleste
1063 1314 1241 1391 interrumpi
1273 1329 1307 1370 ac
1340 1306 1502 1387 seiungill

304 1407 411 1468 Vitium
435 1416 533 1469 autern
562 1411 686 1468 traxisse
714 1407 787 1469 illud
812 1403 887 1469 ‘scd'
912 1408 985 1471 mibi
1008 1427 1067 1469 non
1090 1419 1150 1469 tam
1174 1416 1288 1468 certum
1313 1416 1359 1470 est
1389 1382 1503 1486 qnam4

303 1505 455 1565 Friderico
474 1505 541 1564 Leo.
579 1505 761 1583 Quamquam
782 1507 860 1563 enim
880 1508 1097 1568 sententiarum
1118 1508 1245 1592 concaui
1263 1509 1362 1584 potius
1383 1501 1481 1566 ‘nam'
1503 1530 1505 1581 p

303 1607 463 1665 conuenire
488 1602 629 1681 concedo,
652 1611 750 1664 tamen
774 1602 844 1663 illud
869 1602 991 1664 delendi
1012 1613 1120 1686 potest,
1144 1608 1170 1664 si
1192 1622 1309 1666 ornnem
1328 1607 1483 1664 enuntiati
1504 1592 1507 1657 l

303 1706 363 1763 uim
387 1702 559 1763 collocatam
582 1717 648 1760 csse
671 1700 884 1762 animaduertis
912 1704 942 1762 in
966 1720 1040 1764 noce
1070 1698 1181 1764 ‘turba'
1211 1704 1344 1781 opposita
1373 1704 1481 1765 uerbis

304 1796 372 1860 ‘boc
400 1795 485 1880 loco',
516 1798 664 1878 quomodo
691 1817 745 1858 nos
775 1817 893 1878 quoque
922 1799 1076 1861 licentiore
1106 1800 1267 1880 particulae
1296 1795 1391 1860 ‘aber'
1421 1821 1482 1862 usu
1508 1828 1509 1883 p

306 1899 405 1958 dicere
428 1915 601 1977 possumus:
625 1889 732 1955 ‘Wenn
757 1895 797 1956 du
821 1897 897 1956 doch
921 1897 986 1958 hier
1010 1897 1203 1959 lustwandeln
1229 1897 1368 1979 wolltest,
1393 1899 1481 1960 aber
1509 1904 1510 1945 l

303 1997 333 2055 in
361 1995 427 2056 dem
456 1993 579 2054 Gewnhl
607 2000 691 2053 trane
721 1992 769 2053 ich
797 1993 844 2052 dir
872 1991 974 2056 nicht’.
1032 1995 1125 2065 Quam
1154 1996 1192 2055 ob
1222 2014 1283 2055 rem
1313 2015 1372 2056 non
1401 2016 1479 2058 nona
1510 1980 1512 2059 s

303 2092 449 2152 molienda
473 2099 553 2174 sunt,
575 2091 628 2151 sed
651 2089 788 2151 codicum
813 2089 866 2148 DV
889 2090 977 2153 lectio
1001 2093 1167 2154 retinenda.

215 2303 221 2316 .
267 2188 342 2286 ,sm
360 2224 391 2307 5,
409 2225 452 2288 35
515 2227 577 2287 Cur
600 2243 686 2286 serus
709 2242 832 2285 uersare
856 2225 950 2288 boues
973 2237 1003 2287 et
1027 2227 1188 2306 plaustra
1213 2226 1342 2287 Bootes
1367 2247 1428 2308 eqs.

303 2369 373 2429 Sine
396 2373 474 2430 iusta
493 2387 581 2430 causa
600 2367 660 2428 Leo
680 2361 819 2448 (11447)
840 2367 877 2428 de
896 2370 950 2432 bac
969 2369 1095 2428 familiae
1115 2368 1169 2427 [lV
1187 2371 1335 2448 scriptura
1354 2370 1476 2432 dubitat.

302 2466 376 2527 Nam
401 2485 459 2526 non
481 2467 607 2527 multum
626 2465 662 2525 ab
681 2483 714 2525 ea
735 2466 849 2525 recedit
871 2467 911 2539 id,
935 2467 1013 2546 quod
1033 2466 1058 2525 N
1077 2465 1229 2545 perhibet:
1251 2467 1365 2527 llamma
1390 2468 1477 2549 boon,

303 2567 443 2644 quoniam
466 2566 532 2624 lieri
555 2573 679 2644 poterat,
703 2573 737 2624 ut
761 2559 915 2642 ‘plaustra'
938 2565 969 2622 in
994 2558 1132 2623 ‘llamma'
1156 2563 1260 2624 abiret.
1303 2564 1345 2625 Ea
1369 2574 1477 2647 autem,

303 2679 391 2740 quam
416 2660 615 2722 commendat:
640 2662 825 2722 coniectura:

515 2784 576 2846 Cur
599 2803 685 2846 serus
709 2802 831 2846 uersare
855 2783 963 2879 Bootes
986 2785 1120 2846 flammea
1144 2783 1279 2865 plostra?

304 2948 361 2989 non
387 2936 446 2989 tam
470 2927 495 2988 N
520 2948 606 3010 quam
631 2929 653 2988 F
678 2929 808 3009 adiuuat,
832 2931 883 3009 qui
906 2928 994 2990 habet
1018 2925 1143 2991 ‘flamma
1168 2925 1319 3010 palustra’.
1356 2928 1378 2988 Α
1404 2949 1476 3009 ciero

302 3026 464 3088 abhorrere
487 3027 560 3087 mihi
582 3028 703 3088 uidetur
726 3047 759 3088 ea
783 3029 971 3106 potissimum
1000 3027 1035 3087 de
1060 3047 1161 3108 causa,
1190 3027 1268 3107 quod
1298 3025 1477 3087 uocabulum

303 3120 419 3185 ‘boues'
443 3126 574 3184 omnium
599 3124 743 3184 librorum
767 3143 915 3184 consensu
940 3131 1038 3184 tutum
1061 3144 1149 3204 aegre
1174 3124 1369 3186 desideratur.

263 3242 536 3330 ts11121‚5sqq.:
560 3248 665 3308 Omnia
688 3257 759 3308 sunt
783 3256 923 3326 temptata
946 3249 1028 3329 mibi,
1051 3269 1229 3329 quacunque
1253 3251 1348 3328 iugari

603 3344 712 3406 Possit:
736 3353 766 3405 al
789 3363 825 3404 ex
849 3347 929 3405 omni
951 3365 999 3407 me
1022 3351 1131 3426 premit
1153 3347 1216 3408 ille
1240 3346 1322 3407 deus.

533 3499 534 3503 ,
558 3440 611 3500 Vix
632 3450 730 3501 tamen
749 3448 801 3501 ant
819 3421 911 3502 sdmel
929 3443 1066 3524 admittit,
1085 3463 1154 3505 cum
1174 3463 1262 3522 saepe
1281 3445 1414 3519 negauit:

605 3537 665 3598 Seu
689 3537 782 3615 uenit,
805 3546 939 3600 exuemo
963 3541 1073 3600 dormit
1096 3544 1203 3602 amicta
1227 3549 1301 3601 toro.

304 3685 403 3762 Nugas
423 3683 471 3742 iric
491 3683 550 3760 egit
569 3680 782 3758 Hertzbergius
800 3679 847 3740 iris
866 3699 939 3742 ursus
960 3682 1074 3744 uerbis:
1098 3678 1167 3742 ‘Pro
1187 3675 1304 3740 ‘amica’
1323 3682 1473 3758 ingeniose

302 3781 434 3858 Scaliger
459 3775 596 3840 ‘amicta'.
637 3778 695 3839 Sed
719 3777 934 3841 dubitationem
959 3790 1059 3842 mouet
1082 3781 1155 3842 illud
1181 3773 1268 3860 ‘ipsc'
1292 3774 1336 3861 (u.
1359 3775 1394 3861 6)
1418 3788 1474 3840 tarn

302 3878 391 3954 breui
412 3877 570 3938 interuallo
595 3872 677 3956 (post
698 3897 726 3938 u.
740 3875 776 3956 4)
799 3880 970 3960 repetitum,
993 3879 1150 3959 quoidam
1170 3879 1253 3960 deus,
1277 3880 1329 3958 qui
1346 3877 1473 3939 flammas

302 3978 410 4056 nutrit,
443 3975 530 4035 simol
558 3993 648 4036 saeuo
677 3975 871 4036 abstinentiae
900 3979 1024 4058 imperio
1056 3980 1122 4057 ipse
1149 3980 1284 4039 cruciare
1317 3983 1473 4036 amatorem

302 4075 492 4156 significatur.
536 4072 638 4152 ltaque
663 4073 742 4154 quod
766 4078 1007 4154 interpunctione
1035 4077 1180 4158 indicaui,
1208 4073 1374 4138 subiectum
1403 4072 1473 4134 deus

301 4176 389 4235 etiam
414 4191 467 4252 per
490 4191 519 4232 u.
540 4168 557 4232 t
582 4174 733 4251 pertinere
753 4168 882 4235 censeo'.
904 4207 941 4216 -
963 4174 1083 4254 Repone
1104 4195 1120 4234 e
1140 4173 1192 4235 DV
1216 4167 1303 4252 ‘ille'3
1326 4174 1389 4250 ipsc
1408 4169 1473 4251 ΝΡ,

301 4275 357 4334 iste
387 4271 541 4351 Hauptius.
588 4269 726 4332 Fortasse
755 4273 844 4331 etiam
873 4291 901 4333 u.
925 4275 1058 4352 proximo
1087 4272 1193 4334 borum
1222 4269 1359 4331 codicum
1388 4268 1471 4328 lectio

302 4365 444 4450 ‘negauit’
474 4363 603 4447 (negarit
633 4364 716 4447 cett.)
750 4370 918 4448 recipienda
947 4377 1005 4451 est,
1038 4378 1071 4429 ut
1100 4387 1206 4428 sensus
1235 4370 1286 4426 sit:
1318 4375 1471 4444 postquam

302 4474 389 4548 saepe'
413 4466 540 4543 negauit.
1399 4466 1403 4473 “
