3067 5042
346 1298 387 1358 De
408 1296 562 1358 codicibus
579 1297 781 1376 Propertianis
801 1297 990 1373 quaestiones
1009 1304 1226 1375 proponentem
1250 1313 1427 1374 quamquam

257 1400 305 1458 uix
335 1397 476 1476 deerunt,
509 1395 619 1479 quiin
647 1411 680 1452 re
708 1400 790 1452 certa
818 1401 907 1471 atque
936 1393 1086 1473 explorata
1114 1411 1235 1472 operam
1263 1401 1294 1453 et
1321 1393 1428 1472 oleum,

256 1503 289 1554 ut
317 1497 412 1573 aiunt,
444 1493 610 1572 perdidisse
640 1509 686 1552 me
715 1493 900 1572 existiment,
929 1502 1027 1554 tamen
1055 1510 1072 1552 a
1099 1509 1173 1552 uero
1200 1510 1260 1552 non
1288 1490 1427 1551 aberrare

201 1611 205 1618 ’
255 1593 328 1654 mibi
348 1592 461 1671 uideor,
484 1593 509 1652 si
528 1593 573 1671 iis,
597 1608 671 1668 quae
696 1587 909 1650 Fridericus
931 1590 999 1650 Leo
1025 1583 1112 1673 (Mus.
1130 1589 1223 1650 Rben.
1238 1608 1308 1650 nou.
1321 1587 1427 1648 XXXV

254 1711 283 1769 p.
312 1683 502 1770 431-447)
535 1697 566 1749 11
598 1689 628 1748 C.
652 1687 866 1748 Brandtins
899 1682 1033 1768 (Quaest.
1066 1688 1167 1768 Prop.,
1199 1686 1296 1748 Berol.
1326 1682 1426 1767 1880)

255 1789 471 1868 disseruerunt,
490 1805 555 1846 rem
573 1786 706 1847 nondum
725 1804 759 1846 eo
780 1804 845 1846 esse
865 1787 1039 1865 perductam
1058 1785 1216 1866 contendo,
1234 1794 1267 1846 ut
1285 1783 1427 1863 ampliore

254 1886 453 1965 disputatione
483 1891 574 1945 totam
603 1885 808 1962 quaestionem
831 1883 968 1963 amplecti
995 1902 1120 1962 prorsus
1144 1890 1225 1943 esset
1250 1901 1426 1962 superuaca-

254 2003 353 2045 neum.
400 1983 457 2044 Sed
487 1990 520 2043 ut
547 1982 634 2042 altius
663 1990 809 2062 repetam,
841 1981 988 2060 quomodo
1019 1983 1078 2042 uiri
1109 1981 1189 2042 docti
1204 1983 1247 2041 -in
1278 1981 1427 2059 Propertii

255 2079 436 2142 carminibus
451 2079 643 2140 recensendis
658 2080 910 2165 emendandisqne
925 2082 1076 2159 progressi
1090 2081 1158 2160 sint,
1168 2081 1283 2159 primus
1298 2097 1425 2140 summo·

254 2198 326 2260 pere
351 2178 515 2239 laudandus
539 2185 585 2238 est
606 2177 868 2260 Lachmannus,
892 2178 970 2258 quod
995 2197 1031 2238 ex
1055 2180 1169 2256 ingenti
1192 2178 1328 2239 codicum
1350 2178 1426 2238 mole

255 2279 331 2340 duos
361 2277 465 2358 elegit,
496 2279 527 2336 in
561 2276 669 2355 quibus
702 2285 803 2340 textus
835 2276 1012 2338 restituendi
1039 2275 1264 2337 fundamentum
1296 2279 1426 2355 positum

256 2395 322 2437 esse
346 2377 454 2456 uoluit,
478 2373 700 2454 Groninganum
725 2385 755 2436 et
777 2374 1012 2454 Neapolitanum.
1058 2374 1154 2453 Atque
1177 2377 1217 2436 ita
1247 2375 1367 2454 quidem
1390 2378 1426 2436 iis

177 2537 181 2547 ,
254 2494 327 2536 111111
347 2477 401 2556 111,
422 2483 455 2536 ut
473 2476 601 2554 primum
622 2473 720 2534 locum
738 2473 917 2536 attribueret
935 2474 1124 2553 Groningauo
1144 2469 1195 2553 (ci.
1209 2474 1301 2553 prael.
1315 2493 1343 2553 p.
1358 2467 1426 2555 lX):

142 2623 146 2631 .
220 2576 224 2584 '
254 2592 344 2652 quem
372 2579 494 2634 secutus
517 2580 563 2634 est
585 2571 858 2651 Hertzbergius.
909 2573 968 2634 Sed
991 2574 1049 2632 iam
1082 2570 1222 2632 lleilius
1255 2570 1426 2653 (Obseruat'.

254 2673 348 2732 critic.
364 2674 394 2732 in'
409 2672 505 2752 Prop.,
528 2670 648 2730 Bonnae
665 2668 764 2751 1843)
790 2670 1000 2751 interpolatum
1023 2688 1089 2730 esse
1112 2669 1192 2731 hunc
1215 2668 1325 2731 librum
1347 2669 1424 2730 baud

253 2771 357 2848 patrois
381 2769 453 2830 locis
473 2778 503 2829 et
521 2787 623 2848 parem
642 2768 834 2848 Neapolitano
854 2770 1060 2829 auctoritatem
1080 2767 1286 2828 uindicandam
1305 2767 1424 2828 demon-

134 2871 139 2880 '
253 2870 367 2948 strauit,
392 2886 479 2946 qnam
503 2885 566 2928 rem
591 2869 806 2928 commenticiis
829 2867 1006 2946 quibusdam
1030 2883 1174 2926 uersuum
1201 2864 1451 2943 111111111111111,

252 2966 378 3026 detectis
407 2958 1041 3045 1111111111Η11111111110111111.11111111).
1066 2981 1089 3022 a.
1116 2959 1216 3043 1854,
1241 2969 1312 3024 aest.
1339 2960 1424 3024 1856

253 3091 295 3114 =
319 3063 428 3143 Opusc.
452 3060 477 3120 ll
500 3081 528 3140 p.
548 3057 721 3140 52sqq.,.p.
740 3055 896 3144 lOlsqq.).
943 3060 1068 3121 Omnem
1092 3059 1199 3122 deinde
1222 3062 1310 3122 tidem
1334 3081 1423 3124 mem-

252 3161 353 3222 branis
376 3159 573 3238 Groninganis
597 3158 753 3219 detrahere
778 3168 901 3221 conatus
925 3167 973 3221 est
994 3158 1264 3220 Heimreichius
1290 3154 1425 3241 (Quaest.

251 3256 482 3338 Prop.,Bonnae
500 3249 600 3338 1863)
621 3258 669 3338 ita,
688 3264 723 3318 ut
739 3266 886 3336 quotquot
904 3275 1012 3319 uersus
1032 3257 1080 3319 uel
1098 3275 1242 3319 uersuum
1262 3259 1424 3338 particulae

251 3356 391 3416 abessent
413 3373 429 3414 a
452 3354 653 3436 Neapolitano,
678 3363 813 3418 extarent
836 3359 866 3417 in
891 3356 1089 3435 Groningano,
1115 3375 1149 3416 ea
1172 3356 1275 3419 fraude
1299 3359 1424 3418 conlicta

140 3523 143 3534 ,
252 3473 318 3516 1111
342 3453 544 3535 contenderet,
568 3471 625 3533 qua
648 3454 692 3514 de
710 3457 857 3540 sententia
880 3457 1028 3534 persuasit
1055 3453 1235 3515 Grammio
1258 3447 1315 3537 (lle
1339 3456 1424 3516 codd.

251 3553 340 3632 Prop.
364 3552 504 3630 Groning.
529 3559 559 3612 et
581 3551 679 3633 Neap,
702 3552 801 3614 Aurio.
824 3548 934 3634 1869),
959 3555 1009 3631 qui
1033 3553 1150 3632 etipse
1173 3570 1266 3614 unum
1290 3572 1355 3614 esse
1379 3571 1424 3615 se·

253 3651 404 3730 quendum
432 3649 657 3728 Neapolitanum
686 3653 798 3712 statuit.
843 3651 920 3711 'lum
952 3669 1058 3712 rursus
1087 3659 1190 3711 contra
1209 3653 1284 3713 mixi
1317 3651 1423 3714 Luct-

248 3749 383 3830 johann
413 3741 635 3830 (Commentatt.
658 3747 759 3830 Prop.,
787 3747 880 3810 lliliae
901 3744 1015 3832 1869),
1043 3750 1095 3828 qui
1122 3751 1200 3810 intra
1227 3749 1296 3810 libri
1319 3744 1424 3833 Vtut)

251 3849 326 3908 sines
350 3865 382 3907 se
406 3848 548 3926 continet,
571 3853 601 3907 11
624 3845 939 3926 Heydenreichius
963 3843 1331 3930 (Quaest.Prop.18'lb),
1355 3867 1423 3910 cum

253 3951 388 4006 extarent
407 3943 484 4004 baud
503 3962 614 4023 paucae
634 3943 816 4025 Grouiogani
838 3945 990 4026 lectiones,
1014 3963 1087 4023 quas
1106 3945 1143 4006 ab
1162 3945 1424 4025 interpolatoribus

253 4043 401 4122 proiectas
421 4060 486 4102 esse
506 4044 596 4103 statui
614 4047 674 4102 non
693 4050 804 4123 posset,
824 4043 914 4106 buius
932 4043 1002 4103 libri
1020 4046 1227 4104 auctoritatem
1245 4043 1422 4122 posthaben-

251 4141 319 4202 dam
347 4139 539 4219 Neapolitano
567 4157 622 4200 neo
650 4147 748 4202 tamen
783 4159 906 4220 prorsus
934 4142 1131 4220 spernendam
1159 4160 1225 4202 esse
1254 4142 1422 4203 uoluerunt.

250 4238 327 4299 lluie
355 4238 465 4298 iudicio
494 4237 655 4298 subscribit
682 4239 745 4299 lere
773 4239 843 4300 Luc.
871 4238 1104 4301 Muellerus
1135 4241 1226 4319 praei.
1254 4259 1282 4319 p.
1307 4239 1351 4300 Vl.
1382 4273 1419 4282 —

251 4336 384 4414 Denique
413 4333 626 4416 Baehrensius,
654 4339 724 4414 quia
751 4340 822 4399 satis
850 4337 1029 4398 mediocrem
1057 4356 1124 4398 esse
1152 4337 1260 4398 librum
1288 4337 1421 4417 Neapoli-

129 4463 137 4476 ·
251 4443 352 4496 tanum
381 4451 436 4494 neo
464 4436 556 4514 magis
583 4434 863 4515 interpolationibus
890 4454 1019 4497 uacuum
1053 4454 1140 4515 qnam
1168 4436 1300 4514 reliquos
1327 4437 1422 4497 foedis
