3067 5042
672 413 916 478 ..150-

207 587 253 639 est
281 580 347 639 ueri
375 578 469 638 simile
498 578 538 638 illi
567 573 620 639 ‘et'
649 597 756 639 uersus
784 576 805 638 9
834 579 958 640 eandem
989 580 1164 658 particulam
1198 580 1381 660 respondere

207 698 235 738 3.
262 675 318 757 11,
346 678 398 738 sed
427 679 515 737 etiam
539 695 573 736 ea
601 678 637 738 de
661 695 750 738 causa
774 679 906 737 extitisse
934 677 983 738 bio
1006 678 1086 738 illam
1109 697 1178 738 cum
1201 678 1381 758 Rossbergio
1477 661 1519 694 '²'

207 775 395 856 crediderim,
410 775 490 854 quod
504 794 532 835 u.
547 773 587 835 13
603 770 665 854 ‘et’,
680 775 758 854 quod
779 778 873 854 prima
892 795 962 854 pars
980 786 1026 837 est
1041 778 1134 856 inepti
1152 776 1239 838 uerbi
1259 773 1381 860 ‘ctiam',
1470 838 1483 859 „
1496 815 1511 862 2·

208 873 345 935 ahundat.
391 872 479 933 Haud¹
504 875 583 933 enim
612 873 687 933 male
715 873 763 934 bic
792 876 960 953 suspicatus
986 883 1032 934 331
1055 869 1098 956 (3.
1124 869 1180 956 11)
1204 882 1272 954 3331
1295 871 1382 935 ‘bler-

207 967 303 1032 curio'
328 961 399 1031 illud
418 966 470 1031 ‘et'
485 974 515 1032 in
532 990 566 1030 eo
586 971 756 1053 exemplari,
776 971 855 1032 unde
874 973 1053 1052 archetypus
1071 973 1216 1053 fluxisset,
1240 975 1382 1034 omissum

207 1071 299 1131 131333
324 1077 354 1129 31
377 1077 479 1148 333133
502 1071 533 1130 13
557 1072 688 1148 margine
714 1068 845 1131 additum
869 1089 886 1130 a
908 1069 1029 1131 librario
1058 1089 1118 1130 non
1146 1089 1200 1131 333
1228 1071 1293 1132 1333
1317 1072 1382 1132 red·

208 1168 314 1248 ditum,
339 1168 391 1228 sed
415 1185 507 1246 praue
531 1165 668 1228 13313
692 1168 1004 1250 deductumesse,.ut
1027 1168 1142 1229 3333113
1166 1164 1220 1228 ‘et'
1244 1189 1277 1228 ac
1301 1165 1382 1230 ‘iam'

210 1267 382 1327 efficeretur
413 1261 534 1327 ‘etiam'.
581 1265 623 1325 Ab
656 1265 710 1325 laec
743 1273 828 1345 33313
855 1265 1028 1328 Baehrensii
1061 1285 1180 1346 quoque
1211 1269 1382 1330 coniectura
1465 1256 1468 1267 ¹

208 1365 358 1445 displicet,
387 1382 475 1444 quae,
505 1383 572 1424 curn
601 1359 773 1425 ‘Mercurio’
802 1374 988 1445 corruptum
1005 1385 1071 1426 esse
1100 1365 1172 1426 mibi
1201 1366 1381 1446 persuadere

208 1483 369 1544 nequeam,
396 1461 519 1541 insuper
544 1466 615 1523 33113
638 1470 683 1523 331
708 1464 866 1537 uiolenta„
893 1463 952 1523 Sed
975 1483 1013 1523 ne
1037 1483 1145 1524 sensus
1168 1464 1302 1543 quidem,
1331 1466 1383 1542 qui

210 1563 353 1641 311131133,
386 1578 474 1620 33333
509 1568 568 1641 331,
601 1563 669 1638 quia
703 1561 797 1621 uerbo
826 1557 916 1621 ‘sera'
944 1580 1013 1622 eum
1046 1565 1077 1622 31
1104 1565 1135 1622 13
1163 1564 1248 1622 131113
1276 1580 1383 1623 333333

209 1662 306 1740 333113
329 1659 459 1720 13133133
484 1661 630 1719 333133113
653 1678 669 1718 3
693 1666 755 1719 1313
779 1659 844 1720 1333
869 1659 992 1740 absona,
1015 1663 1100 1739 quasi
1119 1679 1192 1721 uero
1211 1670 1298 1739 poeta
1316 1669 1383 1738 agat

207 1761 245 1819 de
270 1757 377 1818 talibus
400 1755 514 1838 puellis,
539 1775 613 1836 quae
637 1766 705 1838 post
727 1777 831 1836 magna
855 1759 987 1838 pericula
1008 1760 1239 1837 discriminaque
1263 1758 1383 1819 taudem

211 1857 420 1935 cumsponsis
445 1857 665 1915 matrimonium
687 1857 818 1916 inierint
843 1887 884 1898 --
908 1857 1010 1936 ltaque
1030 1857 1178 1936 quomodo
1201 1856 1256 1916 bac
1275 1859 1322 1917 313
1346 1855 1382 1916 ad

158 1954 170 1972 '
209 1972 317 2017 uerum
341 1955 493 2032 perueniri
518 1955 626 2034 possit,
649 1972 717 2014 cum
746 1972 805 2014 non
829 1955 955 2035 uideam,
979 1957 1161 2015 tutissimum
1184 1973 1250 2014 esse
1274 1973 1384 2014 censeo
1471 1948 1476 1971 '¹

211 2057 241 2114 in
266 2056 303 2114 113
327 2055 526 2132 acquiescere,
551 2069 625 2130 quae
651 2051 896 2113 Schneidewiuus
914 2054 1078 2132 disputauit
1099 2060 1130 2112 et
1152 2071 1207 2132 pro
1230 2051 1384 2112 subditiuo

210 2150 336 2212 familiae
361 2150 409 2210 bv
434 2144 515 2228 ‘que'
539 2151 651 2210 inserto
676 2144 729 2210 ‘et'
754 2168 822 2210 cum
846 2151 1033 2211 Lachmanno
1057 2150 1202 2210 scribere:

384 2320 533 2380 Mercurio
557 2321 720 2379 313333113
745 2312 809 2400 (uel
833 2313 965 2404 ‘sacris')
989 2322 1085 2381 133133
1108 2318 1273 2381 Boebeidos
1296 2318 1387 2381 undis
1475 2325 1482 2343 *

424 2416 595 2494 virgineum
618 2415 718 2475 Brimo
742 2419 945 2496 composuisse
969 2417 1055 2477 latus.

153 2587 185 2645 α
210 2577 236 2636 ll
260 2574 290 2658 9,
317 2575 355 2636 11
389 2575 473 2634 Tunc
497 2577 588 2654 igitur
612 2577 700 2634 castis
719 2575 871 2654 'gaudebat
894 2576 1017 2637 Graecia
1040 2579 1142 2656 nuptis

424 2673 508 2732 Tunc
531 2674 620 2732 etiam
644 2673 713 2732 lelix
736 2675 815 2733 13133
839 2683 869 2734 31
892 2692 972 2734 arma
995 2675 1100 2754 pudor.

211 2844 306 2904 Castis
330 2842 386 2922 BV,
411 2844 484 2903 uiris
508 2840 575 2901 FN:
603 2840 802 2902 Raebrensius
826 2835 923 2925 (blisc.
947 2843 1018 2905 Grit.
1042 2838 1147 2927 386)
1172 2854 1327 2925 postquam
1353 2866 1389 2908 se

211 2942 281 3002 olim
304 2941 467 3001 coniecisse
492 2938 565 2998 dixit
593 2933 670 2999 ‘fidis
698 2937 845 3016 gaudebat
872 2940 904 3000 G.
929 2937 979 3021 n.',
1002 2944 1043 3002 ita
1065 2946 1176 3022 pergit:
1205 2939 1302 3004 ‘Nunc
1333 2944 1389 3005 ubi

211 3037 370 3100 nonnullos
398 3037 516 3097 codices
545 3055 603 3095 non
632 3037 730 3108 minus
758 3036 868 3114 probos
892 3034 1004 3099 ‘castis'
1027 3040 1171 3119 praebere
1200 3042 1275 3120 scio,
1303 3040 1414 3114 atne,

211 3139 338 3227 rentiam
361 3135 439 3195 illam
464 3137 567 3214 utique
591 3135 812 3195 memorabilem
837 3129 949 3219 (‘uiris’
974 3131 1156 3222 etv‘castis')
1175 3142 1216 3200 ita
1238 3139 1389 3218 explican-

212 3236 278 3297 dam
302 3251 424 3313 censeo,
453 3239 486 3292 ut
514 3235 546 3292 in
570 3235 720 3293 conrmuni
743 3234 902 3313 archetypo
926 3237 1062 3314 [socialem
1085 3237 1165 3297 13313
1188 3237 1390 3298 difficiliorem

212 3333 345 3393 extitisse
361 3330 465 3390 dicam.
502 3329 574 3389 1331
591 3329 785 3409 Propertiano
800 3333 1052 3395 accommodatum
1068 3343 1113 3396 331
1128 3335 1275 3414 simulque
1295 3334 1388 3395 libro·

211 3448 279 3490 rum
310 3431 485 3489 uarietatem
515 3426 641 3506 explicat
672 3427 742 3488 boc:
773 3424 875 3490 ‘certis
903 3451 929 3510 g.
954 3432 986 3492 G.
1011 3427 1060 3493 n.'.
1110 3433 1191 3503 erae
1215 3435 1390 3492 3331331333

212 3545 390 3608 quamquam
415 3544 504 3590 sensu
530 3543 595 3585 sese
615 3527 810 3608 commendat,
833 3532 973 3609 quoniam
996 3529 1024 3589 b.
1047 3529 1066 3589 l.
1091 3531 1288 3588 inconstantia
1311 3527 1389 3604 Cyn·

211 3628 291 3689 thiae
314 3627 384 3686 fidei
407 3624 570 3704 Penelopes
594 3633 624 3686 31
647 3624 798 3687 Briseidos
821 3630 995 3708 opponitur,
1019 3636 1116 3687 tamen
1141 3627 1230 3703 ratio,
1256 3642 1313 3702 qua
1336 3622 1390 3682 ille

212 3745 285 3787 usus
314 3725 350 3784 ad
380 3743 443 3784 eam
472 3726 624 3806 peruenit,
651 3743 795 3804 peruersa
823 3734 876 3786 331.
898 3716 901 3721 ’
922 3725 1025 3803 Neque
1058 3724 1137 3782 enim
1165 3739 1201 3780 ex
1230 3715 1327 3781 ‘uiris'
1358 3733 1392 3783 et

212 3818 325 3884 ‘castis'
354 3841 431 3882 noua
460 3821 604 3900 quaedam
633 3842 691 3883 uox
723 3833 873 3903 tamquam
906 3817 1133 3900 conglutinandae
1167 3819 1301 3900 uidetur,
1333 3820 1391 3879 sed

213 3921 359 3984 eiusmodi
383 3928 429 3980 est
452 3920 664 4002 discrepantia,
687 3929 721 3982 ut
744 3929 796 3982 aut
819 3939 911 3981 uuum
935 3927 986 3978 aut
1009 3916 1135 3976 alterum
1157 3918 1391 3996 praeferendum

213 4023 252 4082 sit
275 4027 306 4080 31
329 4037 396 4079 cum
421 4013 533 4079 ‘castis'
556 4018 793 4097 interpolationis
811 4017 954 4077 indicium
975 4033 1046 4094 prae
1066 4033 1098 4074 se
1117 4015 1201 4096 13331,
1225 4017 1304 4095 quod
1327 4019 1393 4078 iam

212 4119 382 4178 Burmanno
415 4116 580 4198 constabat,
613 4119 662 4176 uix
695 4116 744 4175 diu
779 4113 862 4174 dubii
893 4112 1095 4194 haerebimus,
1127 4117 1187 4174 3131
1220 4117 1393 4194 scripturae

213 4217 372 4276 terreamus
418 4214 591 4294 Legendum
614 4215 705 4290 igitur
729 4231 837 4272 censeo
861 4231 919 4272 333
942 4211 1073 4272 litterula
1101 4219 1225 4293 3131313,
1253 4213 1330 4291 quod
1357 4216 1395 4273 in

213 4313 349 4393 plurimis
373 4311 554 4374 editionibus
579 4318 623 4370 331
643 4304 757 4391 ‘ueris',
781 4329 840 4390 quo
865 4313 895 4370 in
919 4307 1065 4395 3111331133
1088 4303 1282 4393 (uertendum
1307 4313 1395 4371 enim

214 4419 260 4472 331
283 4405 390 4492 113131)
414 4411 496 4469 33113
516 4409 659 4468 3331113113
682 4426 737 4486 333
756 4427 788 4469 33
807 4411 975 4488 ipsainest.
1014 4408 1098 4480 Quod
1118 4416 1216 4468 autem
1235 4406 1397 4467 Baehren-

214 4510 277 4568 sius
305 4501 416 4567 ‘castis'
445 4508 475 4566 in
504 4503 665 4566 uerborum
694 4515 867 4568 contextum
894 4510 1021 4591 recepit,
1049 4525 1164 4568 summo
1192 4524 1239 4566 me
1264 4516 1396 4584 stupore
