3067 5042
520 411 523 415 ·
622 366 863 476 --157Ᾰ-

67 538 72 561 ,
684 541 686 544 .

67 620 72 629 -
146 587 221 639 tum
254 572 428 658 ‘Pompeio’,
462 574 540 654 quod
574 595 676 637 omnes
709 576 777 637 libri
810 586 946 656 tuentur,
983 575 1150 644 sollicitare.
1195 578 1232 638 rit
1264 580 1329 639 iure

65 690 72 737 Ξ
146 675 357 735 Baehrensius
386 693 453 735 eum
482 673 670 734 Lachmanno
701 693 751 735 uu.
776 672 818 734 36
847 683 877 734 et
905 672 949 734 40
977 675 1064 740 sedes
1093 685 1206 737 mutare
1239 676 1330 736 iubet.

39 824 71 861 ,ἑ
148 774 314 844 Quomodo
339 763 417 833 enim
437 772 594 856 Pompeius
614 771 774 832 Ptolemaei
798 770 865 829 dolo
884 773 1060 831 interiectus
1079 771 1189 832 Romae
1208 781 1329 834 aeterno

146 870 275 932 crimini
299 891 364 932 esse
388 867 509 950 potuit?
556 855 736 947 Coniugium
765 871 856 946 igitur
883 871 1062 949 interpretes
1086 869 1122 929 ad
1145 871 1188 951 id,
1217 880 1249 931 ut
1273 872 1329 931 Ro-

1 1023 11 1052 „
147 991 235 1032 mam
255 971 367 1031 ultione
386 978 483 1029 tantae
504 968 643 1047 perfidiae
663 967 782 1027 dimissa
803 969 1013 1045 sempiternam
1033 976 1132 1028 notam
1148 973 1330 1030 contraxisse

59 1067 60 1076 ’
148 1068 348 1150 contendant,
372 1067 460 1148 quod,
485 1085 543 1145 quo
567 1069 632 1126 iure
652 1067 768 1145 iaciant,
793 1067 849 1145 ipsi
872 1065 1001 1127 uideant.
1038 1065 1076 1126 Et
1098 1067 1253 1128 sustulisse
1272 1069 1329 1128 Au·

49 1180 67 1218 ·'
150 1176 280 1247 gustum
304 1166 379 1226 hanc
403 1167 593 1243 ignominiam
614 1152 766 1243 Cleopatra
791 1166 870 1224 uicta
890 1163 1095 1223 Lachmannns
1115 1174 1197 1224 recte
1220 1176 1329 1225 mouet.

33 1263 57 1344 ἵζ’
151 1267 269 1326 Contra
288 1283 385 1325 nonne
404 1262 497 1322 multo
513 1264 616 1322 uerius
630 1261 740 1321 Romae
761 1280 893 1322 summae
912 1264 1089 1339 ignominiae
1108 1265 1186 1323 uerti
1206 1273 1330 1344 poterat,
1410 1273 1412 1277 ’

18 1341 57 1428 ,l
151 1363 238 1442 qnod
264 1362 426 1442 Cleopatra,
449 1359 583 1439 improba
607 1361 749 1423 meretrix
832 1372 836 1380 ·

665 1471 807 1554 ‘pretium
829 1475 960 1534 Romana
982 1479 1118 1555 poposcit
1202 1527 1204 1532 .

369 1575 486 1636 Moenia
510 1584 539 1636 et
562 1574 694 1635 addictos
718 1575 749 1632 in
773 1592 826 1633 sua
848 1592 940 1651 regna
962 1570 1102 1654 patres’?

148 1702 216 1762 lam
245 1701 344 1782 uideS,
375 1718 461 1779 quam
490 1701 589 1777 inepta
617 1697 804 1776 Hertzbergii
831 1700 1038 1777 interpretatio
1072 1703 1122 1760 sit:
1156 1696 1224 1760 ‘hoo
1258 1721 1329 1761 uero

92 1847 96 1857 „
148 1801 287 1861 dedecus
311 1800 438 1859 nominis
462 1797 587 1857 Romani
610 1797 838 1876 sempiternum,
863 1795 940 1874 quod
966 1799 1040 1856 cinis
1064 1796 1227 1878 Romamn,
1251 1799 1329 1878 quod

148 1898 317 1960 commilito
345 1897 612 1956 abiectissimorum
640 1895 794 1954 hominum
823 1895 997 1973 contagione
1026 1905 1056 1955 et
1084 1896 1237 1957 iraudibus
1261 1916 1330 1957 oon-

151 1999 318 2058 taminatus
342 1997 552 2074 imperatorem
576 2011 663 2054 silum
686 1992 821 2070 proditor
847 1987 1014 2072 percussit'.
1060 1994 1101 2053 Ac
1125 2013 1162 2054 ne
1185 1995 1242 2055 hoc
1266 1998 1329 2074 qui·

149 2095 224 2154 dem
243 2093 451 2153 Lachmannus
475 2089 604 2169 neglexit
622 2093 742 2160 nimiam
762 2109 828 2150 esse
851 2090 1001 2151 licentiam
1019 2094 1147 2170 primum
1167 2096 1330 2172 prationem

149 2192 190 2252 ad
207 2176 376 2270 'Memphim
400 2189 528 2267 dirigere
553 2183 595 2269 (u.
611 2184 679 2268 34),
701 2188 769 2248 dein
793 2188 915 2268 Pompei
938 2192 1088 2249 mentione
1112 2190 1188 2250 iacta
1213 2185 1256 2272 (u.
1271 2186 1327 2272 35)

104 2361 108 2368 .
148 2290 279 2350 Romam
299 2288 407 2366 alloqui
427 2278 469 2368 (u.
485 2281 551 2367 36),
575 2294 637 2346 tum
658 2304 763 2346 rursus
781 2284 956 2365 Pompeium
975 2288 1057 2347 aliari
1077 2281 1121 2370 (u.
1136 2284 1203 2370 37).
1239 2289 1330 2349 Recte

36 2463 43 2474 „
149 2391 248 2466 igitur
270 2384 319 2445 ille
343 2393 439 2446 totum
463 2385 560 2444 locum
585 2386 775 2444 constituisse
799 2384 872 2445 mihi
894 2385 1022 2446 uidetur.

2 2557 7 2572 .
52 2521 53 2527 ’
98 2485 115 2550 l
151 2510 194 2570 IV
220 2508 249 2589 l,
273 2507 329 2572 25:
376 2509 437 2570 Nec
461 2513 578 2588 crepuit
601 2509 668 2568 lissa
693 2525 739 2567 me
763 2519 886 2588 propter
910 2510 1055 2570 arundine
1079 2522 1188 2573 custos.

150 2633 392 2714 intellegendum
416 2653 482 2695 esse
507 2635 674 2716 custodem,
703 2636 754 2713 qui
778 2637 856 2694 intra
879 2643 993 2714 septem
1017 2637 1095 2717 dies,
1123 2656 1198 2715 quos
1222 2655 1330 2716 corpus

151 2741 318 2813 mortuum,
343 2742 500 2811 antequam
524 2741 717 2812 cremaretur,
741 2732 821 2792 domi
845 2740 997 2794 seruatum
1020 2753 1086 2795 esse
1107 2733 1221 2795 Plinius
1244 2736 1354 2795 docet-

148 2826 217 2916 (ap.
243 2830 327 2891 Seru.
351 2831 387 2890 ad
411 2829 495 2908 Verg.
519 2831 590 2889 Acir.
614 2829 650 2888 Vl
675 2823 770 2911 218),
803 2831 899 2890 fistula
930 2835 1085 2911 cecinerit,
1117 2831 1331 2912 Hertzbergius

67 2997 73 3008 ‚
151 2928 375 2990 animaduertit.
413 2927 454 2987 Ac
473 2926 672 2986 Baehrensius
697 2932 795 3004 spreta
819 2924 964 2985 librorum
979 2926 1054 2985 DVN
1071 2927 1198 2988 lectione
1217 2934 1331 3008 recepit

152 3020 247 3105 ‘fixa',
276 3025 354 3103 qnod
383 3027 413 3084 in
437 3024 459 3082 F
483 3031 536 3082 est.
584 3023 641 3082 Sed
666 3041 724 3100 quo
749 3023 814 3082 iure
837 3023 867 3082 id
894 3024 1011 3102 lecerit,
1040 3043 1094 3102 ego
1123 3029 1240 3104 assequi
1270 3046 1329 3086 non
1379 3040 1383 3049 ·

151 3116 287 3204 possum.
325 3121 462 3181 Fortasse
478 3122 587 3198 cogitat
601 3139 636 3180 ca
650 3121 685 3180 de
701 3138 742 3200 re,
762 3120 841 3199 quod
861 3119 1031 3198 complures
1045 3122 1199 3182 arundinis
1214 3124 1328 3185 fistulae
1406 3127 1411 3135 '

63 3250 68 3287 ς
141 3239 226 3282 ocra
249 3221 328 3280 inter
350 3237 380 3278 se
401 3211 704 3301 coniungebantur¹);
727 3217 784 3277 hoc
802 3235 876 3278 rrero
896 3219 974 3279 nuda
994 3238 1068 3279 uoce
1092 3215 1171 3280 ‘fixa’
1195 3230 1330 3283 notatum

58 3308 67 3354 1'
156 3337 224 3379 esse
249 3320 299 3378 uix
322 3322 428 3394 potest.
465 3314 558 3376 lmmo
583 3317 679 3395 aptius
704 3324 749 3376 est
773 3316 952 3377 uocabulum
972 3312 1063 3378 ‘fissa'
1083 3325 1114 3378 et
1134 3319 1330 3400 intellegenda

1 3463 2 3470 ,
63 3420 67 3443 ¹
153 3419 234 3477 iorte
259 3413 329 3474 tibia
353 3412 475 3492 duplex,
504 3432 579 3492 quae
608 3413 723 3475 duabus
751 3415 859 3476 tistulis
882 3419 912 3498 iu
936 3435 1029 3477 unum
1058 3418 1235 3478 coeuntibus
1262 3439 1330 3480 oon-

94 3547 95 3550 =
154 3513 260 3574 stabat.
293 3545 335 3553 —
368 3510 428 3571 lam
457 3513 547 3571 aliero
576 3512 688 3594 locum,
718 3512 771 3574 ubi
798 3516 944 3590 genuinae
973 3516 1138 3593 scripturae
1172 3519 1331 3594 uestigium

153 3611 319 3671 indicatum
344 3628 408 3670 esse
432 3611 463 3669 in
487 3609 510 3669 F
534 3611 680 3688 suspicari
702 3612 808 3688 possis

1 3771 12 3808 p
104 3733 128 3799 'u'
154 3734 196 3795 lll
224 3733 272 3815 13,
284 3729 348 3796 ¹37:
370 3734 463 3794 Pinus
488 3743 517 3794 et
539 3734 717 3795 incumbens
740 3735 835 3794 lentas
859 3734 1060 3796 circumdabat
1085 3735 1214 3816 umbras.

156 3857 235 3918 Caue
260 3859 420 3937 quidquam
445 3859 559 3919 tribuas
583 3859 694 3920 codicis
718 3858 740 3917 F
770 3861 934 3938 scripturae
959 3855 1056 3919 ‘letas'
1081 3854 1213 3940 (lentas'
1238 3859 1330 3944 cett),
1385 3937 1390 3945 ,

157 3973 228 4035 qua,
258 3965 291 4016 ut
315 3957 444 4017 conicias
468 3952 582 4016 ‘laetas’
606 3957 655 4016 uel
680 3951 786 4037 ‘latas',
815 3957 920 4017 adduci
948 3960 1053 4035 possis.
1099 3957 1161 4018 llae
1187 3959 1330 4021 lectiones

156 4052 262 4113 obuiae
283 4056 401 4113 suntin
420 4053 504 4113 libris
523 4053 665 4114 Italorum
684 4057 860 4115 commentis
879 4054 1012 4115 foedatis,
1049 4054 1227 4118 Emendauit
1250 4047 1329 4120 bunc

156 4170 185 4211 u.
215 4151 413 4211 Baehrensius
441 4145 536 4231 (llisc
566 4151 636 4213 Crit.
666 4171 693 4231 p.
719 4147 811 4234 105),
839 4171 907 4212 oum
936 4152 1095 4214 scriberet:
1128 4153 1224 4215 lentis.
1271 4155 1330 4234 lpsi

158 4251 235 4308 euim
261 4256 392 4308 amantes
417 4248 473 4308 sub
496 4249 601 4309 umbra
626 4252 711 4310 strati
735 4250 876 4332 dicuntur
900 4249 985 4329 lenti,
1009 4253 1052 4311 sic
1075 4251 1159 4330 Verg.
1174 4252 1235 4312 Eoi.
1254 4251 1280 4331 1,
1294 4251 1329 4312 4:

157 4379 198 4389 —-
224 4355 268 4427 tu,
292 4331 402 4426 Tityre,
426 4344 523 4405 lentus
547 4349 577 4405 in
602 4347 715 4406 umbra.

231 4501 257 4568 1)
278 4499 318 4553 cf.
338 4499 421 4569 Verg.
441 4499 499 4553 Eel.
520 4505 544 4566 3,
564 4505 611 4554 25:
633 4531 664 4540 —
676 4503 726 4556 aut
744 4520 868 4570 unquam
887 4504 941 4558 bibi
959 4504 1055 4558 fistula
1073 4520 1136 4558 cera
1154 4505 1250 4560 iuncta
1268 4507 1328 4560 fuit.
