3067 5042
630 361 866 438 -167-

14 541 52 620 Q:
151 527 239 608 quod
267 530 402 608 ineptum
430 547 495 590 esse
526 547 622 595 nemo,
642 545 701 590 nun
729 507 847 607 uideri)
892 525 988 613 [luins
1011 533 1110 588 autem
1134 528 1333 610 coniecturae,

7 640 50 702 ,ep
151 645 218 704 qrra
239 626 388 706 Propertii
411 645 531 692 manum
553 627 673 691 restitui
696 644 750 705 ego
775 643 893 706 quoque
913 627 1057 705 existimo,
1081 643 1187 687 uerum
1210 642 1331 686 sensnm

15 740 51 799 hm
149 727 274 804 primus
288 724 319 786 L.
334 725 494 791 Muellerus
508 726 669 805 perspexit,
689 741 756 784 cum
772 726 1033 802 interpretaretur:
1059 724 1124 784 ueri
1139 741 1208 784 cum
1222 731 1330 802 questu

7 836 49 900 ‚lt
151 824 241 902 signa
262 823 345 884 edam
364 826 481 888 amoris.
497 851 502 862 =
520 817 776 902 ostentata:
800 821 874 903 Non,
892 823 933 893 ita
952 841 999 883 me
1019 821 1090 904 diui,
1110 839 1181 892 uera
1198 829 1330 903 gemunt,

1 933 50 996 ‚632
150 921 278 984 inerint.
315 920 403 1000 Prop.
419 921 459 982 Ill
474 920 503 1003 6,
518 917 574 984 35:
598 921 679 992 Quae
698 918 752 980 tibi
772 920 798 978 si
817 921 898 983 ueris
917 922 1022 983 animis
1041 926 1087 987 est
1101 926 1205 998 qtresta
1223 919 1330 998 puella.

1 1045 49 1096 [usp
152 1019 337 1097 Saepissime
357 1017 454 1082 autem
470 1038 560 1098 uoces
575 1014 672 1082 ‘uera'
687 1026 716 1080 et
731 1013 847 1078 ‘uerba'
862 1035 927 1078 esse
942 1020 1081 1080 contusas
1098 1034 1329 1078 commemorare

0 1135 49 1194 pp,
150 1118 208 1176 uix
232 1118 345 1179 attinet.

7 1233 46 1292 din
89 1217 121 1268 J
147 1207 272 1325 Ψ13,
290 1219 348 1285 47:
372 1223 426 1284 Cui
450 1225 476 1283 si
499 1231 558 1286 tam
581 1225 685 1304 longae
708 1226 866 1286 minuisset
888 1224 946 1284 tata
969 1230 1107 1286 senectae

144 1323 206 1388 st·
414 1321 542 1386 Gallicus
566 1321 662 1384 Iliacis
686 1322 770 1386 miles
794 1323 826 1384 in
849 1319 1019 1400 aggeribus,
1169 1394 1172 1398 Ι

369 1419 434 1480 Non
457 1419 505 1482 ilie
530 1421 677 1485 Antilochi
700 1420 826 1480 uidisset
849 1437 957 1498 corpus
980 1418 1110 1498 humari,

414 1517 533 1580 Diceret
556 1527 606 1582 aut
631 1514 659 1578 ‘o
683 1536 773 1598 mors,
796 1536 851 1578 cur
873 1517 946 1578 mibi
969 1536 1035 1578 sera
1058 1513 1180 1589 uenisi'

0 1683 41 1742 m„
149 1641 237 1701 Libri
260 1641 316 1701 boc
340 1641 461 1702 habent:

5 1789 40 1839 ¹tlt

13 1896 40 1937 n·

23 1983 39 2034 tl

11 2085 39 2135 tn

7 2191 37 2233 en

7 2274 38 2330 st't.

17 2375 37 2427 p
318 2375 319 2378 ¹
367 2353 421 2413 Cui
445 2355 470 2412 si
494 2360 552 2414 tarn
576 2353 681 2432 longae
704 2355 853 2415 renuisset
878 2353 936 2413 iata
960 2361 1097 2414 senectae

1 2470 35 2527 pp
409 2453 545 2532 Atropos,
568 2450 664 2512 iliacis
687 2451 772 2512 miles
796 2455 826 2511 in
850 2450 1017 2534 aggeribus,
1040 2471 1101 2532 cqc.

758 1733 914 1792 minuisset
936 1724 1038 1790 Nr²v²

368 1828 441 1899 Quis
465 1839 523 1890 tam
547 1829 707 1909 longaeuae
736 1831 920 1890 meminisset
934 1823 996 1887 DV¹
1066 1829 1124 1887 iata
1147 1846 1209 1888 seu.

757 1929 917 1988 iurauisset
936 1921 973 1985 F¹

150 2032 354 2093 Baehrensius
374 2027 469 2114 (illiso.
486 2032 557 2094 Crit.
571 2052 599 2112 p.
616 2026 683 2116 87),
707 2053 775 2095 cum
794 2051 853 2093 non
873 2033 909 2093 de
929 2033 1058 2094 uiolenta
1076 2032 1211 2093 Nestoris
1230 2042 1325 2093 morte

148 2150 207 2210 per
231 2129 353 2192 militem
378 2139 506 2212 accepta,
530 2132 581 2192 sed
605 2131 641 2192 de
667 2138 810 2210 negatae
834 2131 893 2190 lato
914 2133 975 2192 uita
998 2130 1085 2208 longa
1103 2131 1162 2191 dici
1185 2138 1323 2210 oportere

148 2235 281 2308 putaret,
304 2229 383 2289 hunc
407 2231 436 2288 in
461 2229 581 2290 modum
605 2229 702 2289 locum
727 2230 894 2289 constituit:
946 2269 949 2274 Δ
1061 2256 1064 2258 ’

0 2581 35 2624 ,ne
149 2576 256 2662 Postea
286 2583 384 2636 antem
413 2575 467 2637 hac
496 2579 667 2638 coniectura
695 2577 809 2639 abiecta
837 2579 867 2636 in
896 2576 1025 2638 editione
1052 2578 1109 2638 hoc
1132 2577 1323 2639 scribendum

9 2659 32 2721 td
147 2676 318 2752 proposuit:
677 2666 681 2670 ⁴

363 2772 440 2840 Quoi
463 2779 576 2832 stamen
601 2772 703 2851 longae
728 2776 878 2833 renuisset
902 2775 919 2832 i.
944 2793 976 2854 s,

407 2867 535 2928 Callidus
559 2868 654 2928 Iliacis
679 2869 761 2928 miles
785 2872 815 2928 in
839 2887 901 2947 agg.
939 2868 1004 2929 Non
1028 2870 1076 2929 ille
1100 2873 1174 2950 etqs}

149 2992 209 3052 Sed
233 2991 436 3072 compluribus
460 2991 495 3050 de
516 2993 614 3051 causis
632 3010 668 3052 ne
688 2992 744 3052 boo
765 2992 885 3070 quidem
905 2993 977 3052 ferri
995 3013 1082 3072 posse
1102 2995 1174 3056 mihi
1192 2997 1320 3059 uidetur.

148 3089 282 3148 Primum
306 3090 399 3169 enim,
423 3088 501 3167 quod
526 3091 615 3148 etiam
638 3092 668 3148 in
691 3092 823 3166 priorem
846 3092 1048 3152 coniecturam
1072 3093 1165 3176 ualet,
1188 3114 1247 3154 non
1272 3096 1320 3156 de·

148 3187 335 3266 monstrauit,
350 3187 402 3246 sed
420 3188 520 3266 posuit
534 3185 717 3266 Neapolitani
735 3187 807 3248 illud
823 3183 1002 3250 ‘minuisset'
1017 3209 1082 3250 esse
1101 3193 1320 3276 interpolatum,

149 3285 255 3346 deinde
280 3280 329 3345 ‘si’
353 3287 383 3345 in
407 3287 520 3366 protasi
538 3285 644 3346 melius
663 3285 789 3368 additur,
813 3305 900 3366 quam
921 3287 1107 3368 suppletur..
1121 3291 1197 3351 Tum
1219 3294 1319 3352 neseio
1385 3353 1388 3356 ,

148 3402 185 3442 an
213 3383 367 3461 displiceat
395 3383 573 3444 uocabulum
603 3379 748 3445 ‘stamen'
780 3385 922 3464 singulari
954 3406 1079 3448 numero
1107 3406 1141 3449 ac
1170 3392 1213 3450 sic
1241 3391 1319 3450 nude

149 3481 272 3561 dictum,
287 3480 365 3559 qnod
380 3481 535 3564 concedes,
550 3484 573 3546 si
590 3483 752 3544 contuleris
766 3483 857 3567 locos,
872 3485 973 3564 quales
988 3486 1070 3548 sunt:
1089 3486 1181 3548 Tibi
1197 3486 1225 3570 l,
1243 3486 1318 3566 lsq.:

149 3577 244 3640 fatalia
269 3587 374 3642 nentes
399 3579 537 3642 Stamina.
575 3581 628 3642 On.
654 3583 729 3642 trist.
752 3581 790 3641 tv
806 3580 834 3663 1,
853 3580 909 3646 63:

621 3737 658 3748 -
685 3705 790 3767 natalis
814 3709 937 3767 stamina
962 3711 1069 3789 nostri,

361 3803 491 3864 Stamina
515 3803 551 3863 de
575 3806 660 3881 nigro
684 3802 796 3864 uellere
819 3805 895 3864 iacta
919 3805 998 3866 mihi.

146 3923 219 3986 lbid.
243 3925 266 3983 V
292 3924 345 4006 13,
365 3924 421 3988 24:
450 3923 530 3986 ‘Non
560 3930 599 3988 ita
624 3936 693 3988 sunt
717 3930 767 3987 iati
791 3931 915 3988 stamina
938 3932 1022 4008 nigra
1046 3927 1124 3992 mei’
1162 3934 1185 3992 V
1208 3933 1238 4015 3,
1262 3933 1318 3997 25:

146 4019 278 4083 ‘Scilicet
305 4024 380 4084 hauc
409 4023 503 4103 legem
532 4033 635 4087 nentes
663 4024 759 4086 fatalia
788 4025 898 4086 Parcae
940 4021 945 4110 Ι
989 4027 1120 4089 Stamina
1148 4032 1194 4092 bis
1217 4036 1316 4111 genito

146 4120 192 4179 bis
216 4123 352 4182 cecinere
376 4117 450 4181 tibi’.
487 4121 620 4202 Denique
645 4126 767 4183 nonita
791 4133 857 4204 apta
881 4125 980 4185 euadit
1003 4131 1158 4210 sententia,
1182 4133 1207 4190 si
1226 4151 1254 4193 u.
1273 4128 1315 4192 48

98 4301 99 4304 ¹
146 4217 182 4278 ad
207 4218 349 4296 apodosin
376 4219 481 4280 refers:
513 4221 583 4298 qnid
613 4223 691 4282 enim
719 4221 861 4282 calliditas
888 4231 920 4283 et
947 4223 1089 4285 tortitudo
1117 4226 1251 4288 Nestoris
1279 4229 1315 4289 ad

147 4314 187 4395 id,
211 4316 290 4392 quod
310 4310 457 4413 dntssochi
480 4317 532 4376 tilii
553 4327 678 4378 mortem
700 4316 795 4379 uidit?
831 4319 947 4390 Quibus
966 4324 1064 4383 causis
1086 4333 1239 4403 permotus
1258 4329 1315 4386 rei·

218 4458 244 4526 1)
264 4458 405 4514 Polsterus
423 4459 514 4530 ipsum
538 4461 634 4516 ‘iusta'
654 4463 859 4518 restituendum
877 4468 970 4535 putet,
988 4485 1016 4536 p.
1028 4472 1078 4533 ‚lb
