3067 5042
577 347 820 410 -181—

47 481 50 494 .
73 509 109 569 ll
129 507 336 591 34,51sqq.:
360 509 471 570 Harum
491 510 569 570 nulla
589 510 664 571 solet
684 513 829 571 rationem
848 527 992 588 quaerere
1011 509 1126 588 mundi,

412 608 473 669 Nec
498 627 552 669 cur
576 608 716 669 fraternis
739 601 823 669 Luna
847 607 960 675 laboret
984 609 1083 688 equis,
1303 682 1304 688 ἵ

359 706 419 800 Nec
439 708 550 785 sipost
570 705 685 784 Stygias
704 706 815 786 aliquid
834 705 1052 766 restabimus
1071 707 1165 767 undas
1189 707 1250 786 eqs'.

82 841 213 902 Poetae
237 859 355 901 manum
376 843 543 901 restitutam
559 858 624 899 esse
644 848 716 918 puto
735 839 859 918 palmari
875 839 1093 918 Wassenbergii
1111 843 1282 900 coniectura

83 934 300 1000 ‘restabimos
329 933 449 1017 undas’3
481 937 517 1005 cl.
542 935 647 1016 Haupt.
671 937 726 1015 Op.
746 936 773 997 ll
792 957 818 1016 p.
838 934 931 1016 58sq.
975 937 1149 1015 corruptela
1172 946 1282 1016 autem,

87 1040 123 1097 ni
150 1035 258 1117 'lallor,
282 1036 330 1096 hic
355 1038 394 1096 ita
417 1043 548 1114 grassata
567 1043 621 1113 est,
644 1037 826 1113 utprimum
849 1034 888 1114 id,
911 1035 991 1112 quod
1010 1043 1056 1094 est
1079 1028 1282 1096 ‘restabimus’

86 1142 231 1214 propter
247 1129 380 1213 ‘aliquid'
401 1152 456 1213 pro
475 1131 609 1193 subiecto
628 1141 783 1212 acceptum
803 1130 897 1191 abiret
916 1134 946 1191 in
967 1127 1113 1192 ‘restabit'
1133 1127 1188 1215 (ita
1203 1125 1282 1214 FN),

88 1233 211 1292 deinde
239 1251 346 1292 uersus
369 1231 506 1309 explendi
529 1248 617 1290 causa
642 1225 699 1289 ‘er'
723 1229 1011 1309 superscriberetur,
1040 1230 1119 1307 quod
1150 1229 1224 1290 alter
1247 1230 1280 1289 li-

90 1329 224 1390 brarius
249 1324 332 1413 (DV)
360 1329 395 1389 ad
425 1324 579 1390 ‘restabit'
608 1330 742 1389 referens
775 1329 900 1387 formam
933 1330 1063 1405 ineptam
1097 1322 1280 1389 ‘restauerit'

92 1423 231 1511 (undas)
257 1429 466 1507 conformauit,
495 1425 569 1487 alter
592 1420 645 1507 (F)
670 1426 705 1485 ad
730 1420 848 1486 ‘aindas'
873 1424 993 1484 trahens
1021 1426 1120 1484 ellecit
1144 1420 1280 1486 ‘restabit

93 1522 292 1607 erumpnas'3
321 1524 490 1585 cl.-Baehr.
520 1524 656 1602 proll..p.
679 1522 733 1582 llll
761 1523 858 1583 adnot.
910 1523 1093 1602 Neapolitani
1121 1531 1221 1583 autem
1247 1525 1281 1584 li-

94 1624 223 1685 brarius
249 1625 380 1685 ultimam
405 1641 510 1682 uocem
534 1617 651 1682 ‘undas
676 1623 789 1702 omisit,
818 1623 882 1681 siue
907 1620 985 1698 qrrod
1009 1638 1044 1679 ea
1066 1628 1195 1680 metrum
1223 1640 1281 1680 non

96 1722 218 1800 expleri
243 1720 446 1800 intellegebat,
474 1721 538 1780 siue
563 1719 655 1800 quod,
684 1719 831 1797 quomodo
860 1717 1089 1780 describendum
1118 1725 1198 1778 esset
1225 1714 1281 1778 ‘re-

100 1821 215 1932 stabi?¹
244 1867 349 1932 undas’
379 1870 428 1932 uel
456 1869 550 1930 simile
574 1870 659 1952 quid,
689 1869 848 1930 nesciebat.
886 1868 995 1928 Verum
1019 1869 1111 1946 igitur
1133 1878 1180 1929 est
1202 1870 1281 1930 huno
1324 1832 1331 1842 Ι

100 1969 216 2030 librum
232 1969 448 2049 complemento
468 1967 517 2029 illo
531 1987 646 2045 uacare,
668 1970 771 2046 quain
786 1987 819 2028 re
835 1967 919 2027 illius·
931 1969 1140 2045 praestantiam
1154 1969 1281 2047 positam

101 2077 226 2148 putant,
255 2068 306 2128 sed
335 2067 406 2128 illud
436 2061 492 2127 ‘er'
522 2067 647 2126 sortasse
675 2067 733 2125 iam
761 2068 791 2124 in
825 2067 906 2124 fonte
939 2065 1124 2143 Neapolitani
1156 2066 1281 2126 extabat.

103 2167 193 2226 Certe
209 2161 326 2242 ‘undas’
347 2168 509 2244 genuinum
529 2173 584 2245 est,
603 2165 681 2243 quod
702 2174 731 2223 et
748 2166 847 2242 ipsum
867 2165 896 2222 in
912 2162 936 2222 N
952 2162 1044 2222 deest.
1082 2162 1123 2222 Cf.
1138 2160 1209 2244 119,
1224 2161 1282 2224 26:

104 2261 181 2323 Cum
206 2267 301 2343 capite
326 2263 382 2322 hoc
403 2263 519 2342 Stygiae
544 2265 601 2322 iam
621 2269 799 2341 poterentur
822 2279 924 2338 aquae.
962 2259 1064 2338 ltaque
1083 2278 1121 2320 ne
1140 2260 1197 2321 hoc
1217 2265 1281 2340 qui·

106 2361 173 2420 dem
197 2361 216 2422 l.
240 2361 307 2422 libri
331 2361 412 2421 DVF
436 2360 596 2440 spernendi
625 2368 708 2440 sunt,
738 2359 824 2418 modo
853 2358 888 2419 ad
918 2375 1020 2418 ueram
1048 2357 1204 2419 lectionem
1234 2379 1279 2419 re-

107 2459 272 2537 ponendam
300 2468 382 2519 recte
409 2461 446 2519 iis
474 2460 575 2518 utaris.
628 2457 668 2518 lle
698 2459 806 2519 ceteris
841 2457 1021 2517 coniecturis
1049 2456 1086 2515 cl.
1115 2455 1221 2536 Haupt.
1250 2466 1281 2518 et

55 2593 66 2618 t
109 2555 222 2638 bache,
246 2559 297 2636 qui
320 2559 383 2636 ipse
407 2557 560 2636 proponit:
584 2551 708 2617 restabit
731 2563 761 2616 et
785 2552 889 2617 undas.
913 2588 955 2596 —
979 2552 1052 2614 lbid.
1077 2573 1105 2614 u.
1130 2550 1185 2615 83:

320 2681 380 2740 Nec
399 2684 496 2741 minor
516 2681 563 2740 his
581 2682 696 2762 animis,
715 2689 775 2759 aut,
793 2683 819 2740 si
837 2682 944 2760 minor,
963 2698 1015 2739 ore
1035 2697 1162 2740 canorus

362 2779 484 2836 Anseris
507 2777 629 2837 indocto
653 2779 783 2836 carmine
807 2779 899 2836 cessit
921 2777 994 2836 olor.

113 2898 292 2979 Quocunque
317 2899 404 2961 modo
426 2901 558 2978 priorem
582 2918 688 2960 uersus
712 2899 877 2960 hexametri
902 2909 1016 2977 partem
1040 2900 1280 2961 constituendam

114 3019 176 3060 esse
195 3017 297 3060 censes
316 2993 367 3078 (cl.
381 2991 509 3078 Baelo),
532 2997 588 3056 hoc
607 2998 658 3057 trix
678 2995 799 3074 negabis
819 2995 912 3056 uerba
932 2992 1039 3056 ‘minor
1059 3016 1111 3057 ore
1131 2995 1279 3079 canorus,

114 3115 283 3177 quamquam
307 3096 344 3156 ab
367 3094 392 3154 N
416 3094 522 3174 absint,
545 3094 783 3173 interpolationis
807 3096 936 3173 speciem
960 3112 1031 3172 prae
1055 3113 1086 3154 se
1111 3095 1190 3155 terre
1214 3097 1278 3155 nul-

67 3237 69 3246 .
116 3194 176 3255 lam.
212 3195 287 3266 Quid
311 3193 529 3255 Heimreichius
554 3187 595 3272 (p.
620 3186 676 3272 8)?
713 3186 784 3252 ‘Sed
809 3209 843 3251 ea
866 3190 937 3252 mibi
965 3210 1032 3252 esse
1060 3193 1179 3254 uidetur
1206 3197 1278 3254 artis

117 3297 227 3354 criticae
250 3303 364 3372 natura,
388 3298 781 3352 ut‘ceterorum-uersuum
805 3290 1022 3369 completorum
1044 3293 1119 3350 ratio
1145 3291 1278 3370 fidesque

119 3392 218 3451 codicis
239 3389 264 3450 N
288 3392 361 3451 haee
384 3408 503 3469 quoque
531 3389 622 3450 uerba
650 3391 709 3448 iam
737 3390 854 3468 rapiant
881 3391 913 3449 in
940 3384 1124 3468 perniciem?
1170 3389 1278 3450 Credat

121 3487 232 3550 iudaeus
255 3487 370 3568 Apella!
395 3521 433 3530 —
461 3486 614 3548 Simillime
639 3505 688 3547 res
711 3485 802 3547 habet
824 3486 861 3545 lV
880 3483 910 3567 3,
930 3483 963 3546 7:
1311 3482 1359 3550 el

317 3613 359 3672 Te
383 3612 470 3672 modo
493 3612 636 3672 uiderunt
659 3613 782 3671 iteratos
804 3610 910 3671 Bactra
932 3629 987 3690 per
1010 3619 1107 3691 ortam,

363 3710 405 3770 'l'e
430 3708 516 3769 modo
541 3713 655 3770 munito
679 3709 826 3769 Neuricus
849 3708 943 3767 hostis
967 3726 1044 3786 equo
1069 3725 1130 3786 eqs

124 3835 227 3913 Siquid
247 3835 343 3914 uideo,
361 3836 458 3913 primo
478 3835 577 3894 statim
597 3841 718 3913 aspectu
739 3831 963 3892 concedendum
982 3841 1027 3892 est
1048 3833 1140 3893 uerba
1160 3828 1291 3906 ‘bactra‘

125 3952 169 4012 per
188 3927 284 4010 ortus’,
309 3950 383 4009 qnae
403 3934 433 3992 in
453 3931 478 3991 N
498 3933 606 3991 omissa
630 3941 708 4012 sunt,
732 3949 791 3990 non
815 3929 961 3990 eiusmodi
985 3948 1060 4011 esse,
1083 3939 1117 3991 ut
1140 3950 1155 3990 a
1176 3935 1276 3992 nescio

126 4050 175 4109 quo
195 4031 322 4110 proprio,
349 4038 383 4089 ut
406 4032 502 4108 aiunt,
531 4029 622 4088 Marte
651 4031 718 4089 licta
743 4047 777 4088 ea
801 4046 866 4088 esse
896 4029 1033 4088 conicere
1061 4027 1156 4089 liceat.
1199 4029 1275 4097 Quo·

127 4128 198 4188 nodo
222 4130 298 4188 enim
326 4126 479 4206 librarian,
513 4129 537 4186 si
568 4129 597 4186 in
629 4126 790 4205 exemplari
823 4145 877 4186 suo
906 4125 978 4185 nihil
1011 4127 1068 4185 nisi
1102 4121 1159 4186 ‘Te
1189 4128 1274 4186 modo
1372 4110 1374 4115 ¹

129 4226 247 4285 uiderunt
274 4218 413 4284 iteratos'
446 4226 623 4304 inuenisset,
655 4203 805 4284 inuoces
839 4223 903 4284 illas
935 4226 1007 4283 satis
1040 4224 1160 4300 quidem
1187 4242 1275 4303 quae·

129 4323 330 4408 sitasiucidere
358 4318 476 4399 potuit?
517 4317 653 4382 ‘bactra'
682 4322 788 4391 saltem,
815 4323 886 4399 qtrin
914 4324 1077 4400 genuinum
1103 4325 1154 4401 sit,
1187 4340 1274 4381 nemo

130 4419 262 4501 dubitabit3
283 4419 319 4482 ct.
337 4437 364 4480 u.
380 4415 432 4480 63.
468 4418 525 4480 Sed
541 4439 574 4478 ea
588 4421 777 4502 potissimum
791 4421 820 4479 in
837 4438 869 4481 re
884 4418 942 4479 loci
956 4418 1113 4480 dilticultas
1129 4428 1274 4500 uersatur,
