3067 5042
714 379 957 445 -178-

217 617 220 622 ¹
247 543 422 604 Lectionum
446 543 641 622 discrepantia
672 536 718 626 (ct
740 544 865 604 lormam
889 543 927 625 03
956 544 1114 604 formosam
1142 537 1225 626 st)
1254 546 1304 604 uis
1333 543 1420 603 aliter
1492 555 1526 625 pot

247 642 498 721 explicariposse
521 641 593 700 mibi
616 641 745 722 uidetur,
770 661 857 720 quam
882 650 914 702 ut
937 641 961 700 N
981 642 1201 721 interpolatoris
1228 661 1345 702 manum
1369 641 1421 700 bic
1495 649 1534 704 ins

246 757 366 818 passum
391 759 456 800 esse
480 747 652 819 statuamus,
677 742 753 819 quia,
777 741 803 799 si
826 735 1009 800 ‘formosam'
1033 743 1194 818 genuinum
1219 748 1307 822 esset,
1330 757 1420 799 causa
1497 744 1534 804 le

248 838 380 899 mutandi
405 857 462 898 non
488 838 601 898 luisset.
639 832 768 897 ‘Forma'
793 844 891 898 autem
911 856 967 898 usu
987 840 1058 897 satis
1077 846 1148 898 noto
1167 839 1279 899 dictum
1300 847 1345 897 est
1364 857 1420 916 pro
1498 845 1530 920 pri

247 930 356 1014 ‘puella
379 931 534 1017 lormosa'3
558 937 594 996 cl.
609 934 636 994 ll
651 933 702 1015 28,
717 931 774 996 53:
797 934 835 996 Et
859 936 937 1013 quod
961 935 1049 995 'l'roia
1071 936 1140 996 tulit
1163 945 1193 996 ct
1216 944 1289 1015 quot
1312 935 1419 996 Achaia

245 1029 364 1094 formas.

201 1143 343 1247 strae,
365 1167 396 1229 1:
456 1165 609 1248 Extrema,
633 1185 705 1227 mea
729 1165 802 1248 lux,
826 1185 893 1226 cum
916 1175 1005 1245 potus
1028 1177 1115 1229 nocte
1139 1186 1265 1247 uagarer
1289 1186 1351 1246 eqs.
1375 1186 1379 1195 ¹

246 1327 428 1390 Felicissimo
451 1337 498 1389 est
520 1329 643 1388 mutatio
668 1325 795 1408 Heinsii,
821 1329 872 1404 qni
894 1345 949 1406 pro
973 1346 1049 1388 uoce
1073 1323 1242 1390 ‘llesterna'
1266 1345 1334 1387 cum
1359 1328 1418 1386 tine
1508 1330 1513 1357 ³

245 1426 354 1506 elegiae
382 1435 532 1506 pugnante
561 1427 693 1486 restituit
726 1419 902 1504 ‘Extrema'3
935 1427 1105 1504 saepissime
1139 1429 1217 1485 enim
1250 1425 1419 1504 hesternus,
1524 1438 1528 1448 ·

245 1534 395 1603 externus,
411 1532 561 1585 extremus
576 1527 606 1584 in
622 1523 705 1583 codd.
721 1521 953 1582 contunduntur.
991 1522 1048 1583 Sed
1066 1521 1279 1583 dubitationem
1295 1531 1419 1582 mouent
1512 1537 1516 1546 ·

244 1621 337 1682 uerba
362 1619 437 1682 ‘mea
461 1617 531 1702 lur',
555 1639 630 1700 quae
654 1629 724 1681 suot
745 1623 776 1680 in
794 1614 912 1700 NF²V²³,
932 1623 1004 1681 'oum
1023 1621 1048 1682 Ο
1067 1620 1205 1681 exhibeat
1228 1614 1326 1679 ‘modo
1345 1616 1419 1680 lux'.

244 1721 352 1781 Mirum
376 1722 455 1780 enim
480 1738 554 1800 esse,
578 1719 657 1798 quod
676 1718 733 1778 illis
753 1717 854 1778 uerbis
873 1730 960 1798 poeta
978 1720 1131 1799 cynthiam
1151 1720 1325 1799 alloquatur,
1349 1738 1420 1779 curn
1516 1726 1522 1753 ³

244 1819 274 1877 in
298 1817 413 1895 reliquo
437 1819 566 1878 carmine
591 1835 737 1894 nusquam
759 1819 924 1877 orationem
948 1817 983 1877 ad
1012 1836 1076 1877 eam
1104 1827 1273 1898 conuertat,
1302 1818 1354 1878 sed
1385 1828 1420 1878 ut
1533 1877 1534 1882 ,

244 1914 280 1975 de
305 1915 426 1976 absente
451 1915 542 1975 uerba
566 1915 661 1993 iaciat,
685 1913 1140 1993 Baehremiuspmltpffl
1159 1935 1218 1975 non
1240 1919 1304 1976 sine
1328 1937 1417 1978 eausa

245 2022 353 2074 monet.
399 2011 464 2073 Huc
489 2013 615 2092 accedit,
638 2012 717 2091 quod
741 2011 846 2073 blanda
871 2012 918 2072 illa
941 2031 1000 2072 uox
1023 2011 1118 2071 felicis
1141 2015 1281 2072 amatoris
1306 2016 1418 2074 securi·
1525 2070 1528 2080 ,

244 2120 334 2171 tatem
358 2119 446 2190 atquc
470 2110 609 2189 gaudium
633 2109 751 2190 indicat,
775 2111 810 2169 ad
834 2127 923 2189 quem
947 2111 1035 2170 animi
1059 2110 1197 2170 allectum
1219 2111 1286 2170 linis
1306 2111 1418 2190 elegiae

244 2209 318 2268 male
352 2209 485 2288 quadrat.
531 2207 583 2267 llis
616 2210 805 2286 potissimum
832 2207 868 2266 de
897 2209 1007 2287 catrsis,
1041 2210 1179 2285 quoniam
1209 2218 1418 2284 argumentum

244 2309 353 2384 prioris
377 2306 487 2385 elegiae
515 2307 608 2384 partis
639 2299 748 2387 (usque
776 2304 812 2364 ad
836 2324 864 2365 u.
888 2302 946 2383 23)
972 2307 1041 2365 c'um
1068 2307 1119 2382 iis,
1148 2322 1222 2382 quae
1250 2309 1417 2383 posteriore

243 2414 326 2483 parte
351 2412 543 2482 enarrentur,
566 2421 670 2482 parum
695 2411 853 2482 congruat,
877 2402 1022 2482 Guyetns,
1046 2401 1244 2480 Rossbergio's
1266 2422 1295 2481 p.
1317 2402 1416 2487 l‘lsq,

246 2501 486 2562 Sandstrocmius
513 2520 541 2578 p.
568 2497 657 2578 lOsq.
687 2519 798 2578 eosque
829 2509 950 2561 secutus
978 2498 1221 2578 Eschenburgius
1253 2493 1418 2583 (Obseruu.
1473 2558 1480 2564 .

245 2602 376 2660 mittin
400 2591 713 2680 Prop.Bonn.1865)
737 2617 764 2677 p.
785 2595 877 2676 36sq.
901 2597 1013 2679 indea-
1033 2616 1061 2669 u.
1081 2595 1129 2661 23
1158 2615 1269 2660 nouum
1296 2618 1416 2682 ⁰³¹3&ss

243 2699 375 2776 incipere
400 2693 592 2775 contendunt.
639 2694 697 2754 Sed
721 2713 845 2773 prorsus
874 2694 938 2754 lalsi
962 2704 1045 2775 sunt3
1073 2714 1140 2756 nam
1165 2715 1201 2757 ne
1225 2697 1336 2758 mrrltus
1360 2701 1417 2758 sim

243 2797 273 2852 in
303 2809 335 2854 re
363 2794 534 2872 perspicua,
555 2793 588 2866 ¹si
615 2791 687 2854 illud
717 2795 755 2853 ita
781 2811 846 2852 esse
870 2795 989 2874 statuis,
1017 2793 1089 2854 nihil
1117 2793 1195 2854 aliud
1224 2812 1312 2873 quam
1340 2795 1417 2856 dnos

243 2907 358 2970 pannos
380 2890 485 2966 habes,
515 2907 572 2968 qua
600 2890 636 2950 de
660 2909 693 2951 rc
716 2893 774 2953 iam
797 2888 998 2952 Baehrensius
1020 2891 1037 2953 l.
1062 2890 1079 2951 1.
1103 2891 1186 2952 dixit.
1231 2890 1296 2952 Non
1325 2894 1417 2972 magis

245 2989 332 3070 ualet,
356 2988 434 3067 quod
459 2991 566 3048 mirum
591 3005 656 3048 esse
682 2989 922 3050 Sandstroemins
945 2993 985 3049 ait
1006 2989 1193 3067 Propertium
1218 2989 1299 3049 nullo
1323 2989 1417 3050 uerbo

244 3105 309 3147 sese
339 3086 498 3146 detondere
527 3095 577 3146 aut
605 3102 747 3147 excusare
772 3093 802 3145 et
829 3089 952 3147 amicam
976 3089 1003 3146 ei
1028 3104 1065 3146 ne
1088 3086 1267 3165 exprobrare
1297 3089 1416 3166 quidem

245 3203 366 3265 moram,
391 3185 441 3244 sed
462 3183 534 3245 nihil
555 3185 690 3263 prolerre
710 3187 768 3244 nisi
787 3183 873 3246 baec:
897 3180 985 3255 ‘Qum
1006 3192 1039 3245 tu
1060 3180 1243 3266 matutinus',
1265 3188 1314 3266 ait,
1338 3181 1415 3264 ‘spe-

244 3284 358 3344 culator
388 3277 540 3342 amicae?
577 3281 650 3341 Nam
679 3284 703 3340 si
731 3284 820 3360 primi
848 3282 917 3343 libri
940 3283 1012 3361 eleg.
1037 3279 1057 3342 3
1082 3283 1257 3364 contuleris,
1287 3287 1418 3362 quaein
1496 3338 1498 3341 .

244 3378 429 3458 depingenda
461 3378 636 3438 condicione
669 3377 816 3437 simillima
844 3389 995 3458 uersatur,
1025 3380 1142 3440 uidebis
1170 3379 1337 3460 Cynthiam,
1365 3381 1419 3442 ubi

243 3480 372 3559 primurn
401 3496 417 3536 e
446 3493 549 3538 somno
577 3483 750 3554 experrecta
779 3478 830 3557 sit,
864 3479 961 3536 statim
990 3479 1022 3537 in
1049 3485 1166 3556 poetam
1194 3479 1309 3558 inuehi,
1336 3479 1417 3539 brine

243 3579 341 3656 ipsum
365 3593 402 3634 ne
426 3592 520 3634 unum
544 3574 662 3654 quidem
688 3573 819 3654 uerbum·
843 3573 938 3653 loqui,
965 3591 1024 3652 quo
1053 3573 1131 3634 illius
1159 3558 1289 3633 animum
1317 3573 1416 3636 leniat.

211 3679 214 3686 '
244 3674 337 3733 lmmo
359 3673 417 3732 hoc
441 3675 505 3751 ipso
530 3673 659 3732 carmine
683 3678 744 3730 tota
768 3689 810 3751 re,
834 3671 981 3749 quomodo
1004 3681 1086 3750 gesta
1110 3672 1161 3750 sit,
1185 3678 1319 3730 enarrata
1343 3669 1415 3730 Pro·
1466 3667 1470 3677 “

245 3774 373 3852 pertium
398 3773 618 3832 excusationem
643 3788 730 3848 agere
754 3776 785 3829 et
807 3769 887 3829 illius
910 3769 1144 3830 misericordiam
1163 3785 1284 3828 mouere
1303 3767 1417 3829 lleilins

245 3890 272 3949 p.
287 3867 379 3948 33sq.
404 3879 434 3930 et
452 3867 652 3929 Raebrensius
675 3883 747 3927 uere
771 3866 887 3927 docent.
925 3867 1027 3946 ltaque
1051 3886 1119 3927 cum
1143 3867 1265 3945 elegiam
1289 3869 1320 3927 in
1343 3867 1417 3928 duas

245 3975 344 4047 partes
369 3966 470 4027 diuelli
493 3984 552 4026 non
576 3966 671 4046 liceat,
695 3965 731 4024 ad
755 3964 901 4024 tollendos
924 3965 990 4025 illos
1012 3965 1168 4043 scrupulos
1192 3963 1327 4024 blandam
1346 3964 1416 4024 allo-

245 4068 394 4125 cutionem
420 4059 497 4124 ‘mea
519 4058 581 4124 lux'
605 4082 671 4123 cum
696 4061 877 4123 Raehrensio
902 4072 1069 4142 suspectam
1093 4062 1267 4123 habebimus
1288 4072 1416 4141 augente

245 4162 458 4222 dubitationem
491 4159 634 4222 librorum
668 4159 748 4221 DVF
782 4162 993 4244 discrepantia,
1025 4180 1100 4240 quae
1131 4171 1177 4221 est
1209 4156 1312 4220 ‘modo
1343 4156 1416 4224 lux'.

245 4261 341 4338 Atque
369 4259 417 4321 ille
446 4260 565 4340 quidem
594 4278 699 4320 uocem
728 4254 843 4319 ‘modo'
872 4264 1030 4339 genuinam
1058 4278 1124 4318 esse
1153 4266 1234 4318 ratas
1262 4261 1301 4317 ita
1324 4260 1415 4319 inter·

245 4358 422 4436 potationem
451 4358 498 4416 bic
527 4367 687 4436 grassatam
716 4375 783 4418 esse
806 4357 862 4419 sibi
885 4359 1046 4437 persuasit,
1075 4364 1108 4415 ut
1131 4357 1252 4432 antiquo
1279 4362 1415 4434 tempore

246 4454 281 4512 ab
305 4473 349 4535 eo,
373 4458 424 4534 qui
447 4458 487 4514 in
502 4457 663 4535 exemplari
683 4475 738 4516 suo
758 4455 831 4516 nibil
849 4458 914 4514 nisi·
926 4453 1032 4515 uerba:
1055 4447 1211 4513 ‘Hesterna
1235 4452 1322 4513 modo
1346 4471 1416 4513 cum
