<?xml version="1.0" encoding="UTF-8"?>
<!DOCTYPE html PUBLIC "-//W3C//DTD XHTML 1.0 Transitional//EN"
    "http://www.w3.org/TR/xhtml1/DTD/xhtml1-transitional.dtd">
<html xmlns="http://www.w3.org/1999/xhtml" xml:lang="en" lang="en">
 <head>
  <title>
</title>
<meta http-equiv="Content-Type" content="text/html;charset=utf-8" />
  <meta name='ocr-system' content='tesseract 3.04.00' />
  <meta name='ocr-capabilities' content='ocr_page ocr_carea ocr_par ocr_line ocrx_word'/>
</head>
<body>
  <div class='ocr_page' id='page_1' title='image "./decodicibusprop00solbgoog_0016.png"; bbox 0 0 3067 5042; ppageno 0'>
   <div class='ocr_carea' id='block_1_1' title="bbox 659 409 897 473">
    <p class='ocr_par' dir='ltr' id='par_1_1' title="bbox 659 409 897 473">
     <span class='ocr_line' id='line_1_1' title="bbox 659 409 897 473; baseline 0 -1"><span class='ocrx_word' id='word_1_1' title='bbox 659 409 897 473; x_wconf 82' lang='lat'>—148-</span> 
     </span>
    </p>
   </div>
   <div class='ocr_carea' id='block_1_2' title="bbox 107 570 1369 1341">
    <p class='ocr_par' dir='ltr' id='par_1_2' title="bbox 190 570 1369 1046">
     <span class='ocr_line' id='line_1_2' title="bbox 190 570 1369 652; baseline 0.004 -23"><span class='ocrx_word' id='word_1_2' title='bbox 190 571 319 649; x_wconf 92' lang='lat' dir='ltr'>lugentis</span> <span class='ocrx_word' id='word_1_3' title='bbox 342 570 399 632; x_wconf 91' lang='lat' dir='ltr'>Nili</span> <span class='ocrx_word' id='word_1_4' title='bbox 423 572 573 652; x_wconf 88' lang='lat' dir='ltr'>triumpho</span> <span class='ocrx_word' id='word_1_5' title='bbox 602 572 683 632; x_wconf 73' lang='lat' dir='ltr'>diroti</span> <span class='ocrx_word' id='word_1_6' title='bbox 711 591 765 651; x_wconf 89' lang='lat' dir='ltr'>per</span> <span class='ocrx_word' id='word_1_7' title='bbox 796 572 901 633; x_wconf 89' lang='lat' dir='ltr'>urbem</span> <span class='ocrx_word' id='word_1_8' title='bbox 924 572 1113 651; x_wconf 77' lang='lat' dir='ltr'><strong>Propertium</strong></span> <span class='ocrx_word' id='word_1_9' title='bbox 1137 573 1217 651; x_wconf 92' lang='lat' dir='ltr'>loqui</span> <span class='ocrx_word' id='word_1_10' title='bbox 1241 583 1369 634; x_wconf 90' lang='lat' dir='ltr'>conten-</span> 
     </span>
     <span class='ocr_line' id='line_1_3' title="bbox 190 665 1368 752; baseline 0.003 -24"><span class='ocrx_word' id='word_1_11' title='bbox 190 669 295 730; x_wconf 89' lang='lat' dir='ltr'>derent</span> <span class='ocrx_word' id='word_1_12' title='bbox 314 689 348 730; x_wconf 93' lang='lat' dir='ltr'>ac</span> <span class='ocrx_word' id='word_1_13' title='bbox 367 670 568 731; x_wconf 83' lang='lat' dir='ltr'><strong>rescriberent</strong></span> <span class='ocrx_word' id='word_1_14' title='bbox 588 665 737 751; x_wconf 76' lang='lat' dir='ltr'>‘atratus&#39;3</span> <span class='ocrx_word' id='word_1_15' title='bbox 761 678 865 732; x_wconf 89' lang='lat' dir='ltr'>notum</span> <span class='ocrx_word' id='word_1_16' title='bbox 888 673 968 732; x_wconf 91' lang='lat' dir='ltr'>enim</span> <span class='ocrx_word' id='word_1_17' title='bbox 987 680 1033 731; x_wconf 87' lang='lat' dir='ltr'>est</span> <span class='ocrx_word' id='word_1_18' title='bbox 1057 671 1212 731; x_wconf 92' lang='lat' dir='ltr'>simulacra</span> <span class='ocrx_word' id='word_1_19' title='bbox 1233 670 1368 752; x_wconf 89' lang='lat' dir='ltr'>urbium,</span> 
     </span>
     <span class='ocr_line' id='line_1_4' title="bbox 190 761 1366 850; baseline 0.003 -24"><span class='ocrx_word' id='word_1_20' title='bbox 190 776 347 850; x_wconf 85' lang='lat' dir='ltr'>terrarum,</span> <span class='ocrx_word' id='word_1_21' title='bbox 371 767 527 828; x_wconf 78' lang='lat' dir='ltr'>fluminum</span> <span class='ocrx_word' id='word_1_22' title='bbox 545 778 700 847; x_wconf 90' lang='lat' dir='ltr'>captorum</span> <span class='ocrx_word' id='word_1_23' title='bbox 719 788 774 848; x_wconf 92' lang='lat' dir='ltr'>per</span> <span class='ocrx_word' id='word_1_24' title='bbox 792 761 960 848; x_wconf 63' lang='lat' dir='ltr'>&#39;triumphos</span> <span class='ocrx_word' id='word_1_25' title='bbox 979 769 1099 829; x_wconf 88' lang='lat' dir='ltr'>lerculis</span> <span class='ocrx_word' id='word_1_26' title='bbox 1119 788 1185 828; x_wconf 89' lang='lat' dir='ltr'>esse</span> <span class='ocrx_word' id='word_1_27' title='bbox 1204 769 1270 830; x_wconf 92' lang='lat' dir='ltr'>lata.</span> <span class='ocrx_word' id='word_1_28' title='bbox 1306 770 1366 830; x_wconf 82' lang='lat' dir='ltr'>Ad-</span> 
     </span>
     <span class='ocr_line' id='line_1_5' title="bbox 190 864 1367 949; baseline 0.003 -24"><span class='ocrx_word' id='word_1_29' title='bbox 190 866 310 928; x_wconf 85' lang='lat' dir='ltr'>modum</span> <span class='ocrx_word' id='word_1_30' title='bbox 335 867 414 927; x_wconf 85' lang='lat' dir='ltr'>fauet</span> <span class='ocrx_word' id='word_1_31' title='bbox 437 866 508 927; x_wconf 91' lang='lat' dir='ltr'>huic</span> <span class='ocrx_word' id='word_1_32' title='bbox 532 869 730 949; x_wconf 89' lang='lat' dir='ltr'>coniecturae,</span> <span class='ocrx_word' id='word_1_33' title='bbox 753 868 832 946; x_wconf 92' lang='lat' dir='ltr'>quod</span> <span class='ocrx_word' id='word_1_34' title='bbox 856 869 945 927; x_wconf 91' lang='lat' dir='ltr'>etiam</span> <span class='ocrx_word' id='word_1_35' title='bbox 968 864 1125 948; x_wconf 79' lang='lat'>1115,34,</span> <span class='ocrx_word' id='word_1_36' title='bbox 1148 866 1199 927; x_wconf 92' lang='lat' dir='ltr'>ubi</span> <span class='ocrx_word' id='word_1_37' title='bbox 1223 867 1259 927; x_wconf 93' lang='lat' dir='ltr'>de</span> <span class='ocrx_word' id='word_1_38' title='bbox 1285 868 1367 928; x_wconf 89' lang='lat' dir='ltr'>Solis</span> 
     </span>
     <span class='ocr_line' id='line_1_6' title="bbox 190 959 1366 1046; baseline 0 -22"><span class='ocrx_word' id='word_1_39' title='bbox 190 967 275 1044; x_wconf 89' lang='lat' dir='ltr'>equis</span> <span class='ocrx_word' id='word_1_40' title='bbox 299 984 397 1025; x_wconf 91' lang='lat' dir='ltr'>sermo</span> <span class='ocrx_word' id='word_1_41' title='bbox 421 973 474 1046; x_wconf 85' lang='lat' dir='ltr'>est,</span> <span class='ocrx_word' id='word_1_42' title='bbox 498 967 527 1026; x_wconf 96' lang='lat' dir='ltr'>in</span> <span class='ocrx_word' id='word_1_43' title='bbox 548 966 686 1027; x_wconf 92' lang='lat' dir='ltr'>omnibus</span> <span class='ocrx_word' id='word_1_44' title='bbox 705 975 823 1046; x_wconf 89' lang='lat' dir='ltr'>praeter</span> <span class='ocrx_word' id='word_1_45' title='bbox 847 965 871 1025; x_wconf 88' lang='lat' dir='ltr'>N</span> <span class='ocrx_word' id='word_1_46' title='bbox 896 965 980 1026; x_wconf 91' lang='lat' dir='ltr'>libris</span> <span class='ocrx_word' id='word_1_47' title='bbox 1004 959 1130 1026; x_wconf 80' lang='lat' dir='ltr'>‘atratis&#39;</span> <span class='ocrx_word' id='word_1_48' title='bbox 1153 967 1184 1024; x_wconf 91' lang='lat' dir='ltr'>in</span> <span class='ocrx_word' id='word_1_49' title='bbox 1205 960 1366 1026; x_wconf 73' lang='lat' dir='ltr'>‘attractis’</span> 
     </span>
    </p>

    <p class='ocr_par' dir='ltr' id='par_1_3' title="bbox 107 1060 1366 1341">
     <span class='ocr_line' id='line_1_7' title="bbox 107 1060 1366 1143; baseline 0.002 -22"><span class='ocrx_word' id='word_1_50' title='bbox 107 1071 109 1074; x_wconf 82' lang='grc'><strong>’</strong></span> <span class='ocrx_word' id='word_1_51' title='bbox 190 1071 365 1142; x_wconf 90' lang='lat' dir='ltr'>corruptum</span> <span class='ocrx_word' id='word_1_52' title='bbox 385 1072 437 1124; x_wconf 91' lang='lat' dir='ltr'>est.</span> <span class='ocrx_word' id='word_1_53' title='bbox 475 1064 517 1123; x_wconf 85' lang='lat' dir='ltr'>Ad</span> <span class='ocrx_word' id='word_1_54' title='bbox 532 1083 595 1124; x_wconf 90' lang='lat' dir='ltr'>rem</span> <span class='ocrx_word' id='word_1_55' title='bbox 611 1064 776 1126; x_wconf 90' lang='lat' dir='ltr'>Palmerius</span> <span class='ocrx_word' id='word_1_56' title='bbox 791 1064 907 1124; x_wconf 82' lang='lat' dir='ltr'>confert</span> <span class='ocrx_word' id='word_1_57' title='bbox 922 1063 1007 1142; x_wconf 87' lang='lat' dir='ltr'>Verg.</span> <span class='ocrx_word' id='word_1_58' title='bbox 1022 1063 1093 1123; x_wconf 78' lang='lat' dir='ltr'>hen.</span> <span class='ocrx_word' id='word_1_59' title='bbox 1108 1061 1138 1143; x_wconf 91' lang='lat'>8,</span> <span class='ocrx_word' id='word_1_60' title='bbox 1153 1060 1231 1122; x_wconf 79' lang='lat'>711:</span> <span class='ocrx_word' id='word_1_61' title='bbox 1256 1082 1366 1141; x_wconf 89' lang='lat' dir='ltr'>magno</span> 
     </span>
     <span class='ocr_line' id='line_1_8' title="bbox 189 1159 1366 1244; baseline 0 -23"><span class='ocrx_word' id='word_1_62' title='bbox 189 1169 372 1222; x_wconf 89' lang='lat' dir='ltr'>maerentem</span> <span class='ocrx_word' id='word_1_63' title='bbox 395 1180 519 1241; x_wconf 88' lang='lat' dir='ltr'>corporo</span> <span class='ocrx_word' id='word_1_64' title='bbox 545 1161 657 1244; x_wconf 71' lang='lat' dir='ltr'>Nilum,</span> <span class='ocrx_word' id='word_1_65' title='bbox 680 1161 761 1222; x_wconf 91' lang='lat' dir='ltr'>Pers.</span> <span class='ocrx_word' id='word_1_66' title='bbox 777 1159 807 1243; x_wconf 88' lang='lat'>6,</span> <span class='ocrx_word' id='word_1_67' title='bbox 821 1159 878 1222; x_wconf 73' lang='lat'>47:</span> <span class='ocrx_word' id='word_1_68' title='bbox 902 1163 1097 1240; x_wconf 80' lang='lat' dir='ltr'>ingentesque</span> <span class='ocrx_word' id='word_1_69' title='bbox 1121 1160 1197 1221; x_wconf 92' lang='lat' dir='ltr'>locat</span> <span class='ocrx_word' id='word_1_70' title='bbox 1221 1160 1366 1221; x_wconf 84' lang='lat' dir='ltr'>Caesonia</span> 
     </span>
     <span class='ocr_line' id='line_1_9' title="bbox 190 1257 770 1341; baseline 0.003 -23"><span class='ocrx_word' id='word_1_71' title='bbox 190 1259 323 1341; x_wconf 80' lang='lat' dir='ltr'>erenos3</span> <span class='ocrx_word' id='word_1_72' title='bbox 347 1259 402 1320; x_wconf 83' lang='lat' dir='ltr'>Ou.</span> <span class='ocrx_word' id='word_1_73' title='bbox 426 1269 480 1321; x_wconf 92' lang='lat' dir='ltr'>art.</span> <span class='ocrx_word' id='word_1_74' title='bbox 505 1279 560 1320; x_wconf 72' lang='lat' dir='ltr'>arn,</span> <span class='ocrx_word' id='word_1_75' title='bbox 583 1260 595 1320; x_wconf 98' lang='lat' dir='ltr'>l</span> <span class='ocrx_word' id='word_1_76' title='bbox 619 1257 770 1340; x_wconf 79' lang='lat' dir='ltr'>2l9sqq.:</span> 
     </span>
    </p>
   </div>
   <div class='ocr_carea' id='block_1_3' title="bbox 348 1385 1232 1956">
    <p class='ocr_par' dir='ltr' id='par_1_4' title="bbox 349 1385 1232 1566">
     <span class='ocr_line' id='line_1_10' title="bbox 349 1385 1226 1465; baseline 0.003 -21"><span class='ocrx_word' id='word_1_77' title='bbox 349 1385 445 1464; x_wconf 82' lang='lat' dir='ltr'>Atque</span> <span class='ocrx_word' id='word_1_78' title='bbox 469 1385 566 1464; x_wconf 90' lang='lat' dir='ltr'>aliqua</span> <span class='ocrx_word' id='word_1_79' title='bbox 589 1405 625 1445; x_wconf 86' lang='lat' dir='ltr'>ex</span> <span class='ocrx_word' id='word_1_80' title='bbox 648 1386 706 1447; x_wconf 93' lang='lat' dir='ltr'>illis</span> <span class='ocrx_word' id='word_1_81' title='bbox 730 1403 799 1446; x_wconf 91' lang='lat' dir='ltr'>oum</span> <span class='ocrx_word' id='word_1_82' title='bbox 822 1403 923 1464; x_wconf 89' lang='lat' dir='ltr'>regem</span> <span class='ocrx_word' id='word_1_83' title='bbox 947 1388 1065 1445; x_wconf 91' lang='lat' dir='ltr'>nomina</span> <span class='ocrx_word' id='word_1_84' title='bbox 1089 1396 1226 1465; x_wconf 81' lang='lat' dir='ltr'>quaeret,</span> 
     </span>
     <span class='ocr_line' id='line_1_11' title="bbox 395 1473 1232 1566; baseline 0 -22"><span class='ocrx_word' id='word_1_85' title='bbox 395 1483 476 1554; x_wconf 83' lang='lat' dir='ltr'>Quae</span> <span class='ocrx_word' id='word_1_86' title='bbox 499 1473 576 1566; x_wconf 85' lang='lat' dir='ltr'>loca,</span> <span class='ocrx_word' id='word_1_87' title='bbox 600 1488 652 1563; x_wconf 93' lang='lat' dir='ltr'>qui</span> <span class='ocrx_word' id='word_1_88' title='bbox 675 1493 805 1566; x_wconf 89' lang='lat' dir='ltr'>montes,</span> <span class='ocrx_word' id='word_1_89' title='bbox 829 1501 943 1563; x_wconf 91' lang='lat' dir='ltr'>quaeue</span> <span class='ocrx_word' id='word_1_90' title='bbox 969 1484 1102 1545; x_wconf 86' lang='lat' dir='ltr'>serantur</span> <span class='ocrx_word' id='word_1_91' title='bbox 1125 1504 1232 1565; x_wconf 81' lang='lat' dir='ltr'>aquae3</span> 
     </span>
    </p>

    <p class='ocr_par' dir='ltr' id='par_1_5' title="bbox 348 1581 1120 1760">
     <span class='ocr_line' id='line_1_12' title="bbox 348 1581 1120 1664; baseline 0 -22"><span class='ocrx_word' id='word_1_92' title='bbox 348 1581 453 1642; x_wconf 91' lang='lat' dir='ltr'>Omnia</span> <span class='ocrx_word' id='word_1_93' title='bbox 477 1583 638 1664; x_wconf 74' lang='lat' dir='ltr'>responde,</span> <span class='ocrx_word' id='word_1_94' title='bbox 661 1601 717 1643; x_wconf 91' lang='lat' dir='ltr'>nec</span> <span class='ocrx_word' id='word_1_95' title='bbox 741 1591 856 1644; x_wconf 92' lang='lat' dir='ltr'>tantum</span> <span class='ocrx_word' id='word_1_96' title='bbox 880 1583 965 1659; x_wconf 92' lang='lat' dir='ltr'>siqua</span> <span class='ocrx_word' id='word_1_97' title='bbox 987 1581 1120 1661; x_wconf 80' lang='lat' dir='ltr'>negabit,</span> 
     </span>
     <span class='ocr_line' id='line_1_13' title="bbox 394 1679 1073 1760; baseline 0.003 -21"><span class='ocrx_word' id='word_1_98' title='bbox 394 1679 432 1740; x_wconf 88' lang='lat' dir='ltr'>Et</span> <span class='ocrx_word' id='word_1_99' title='bbox 455 1699 529 1760; x_wconf 92' lang='lat' dir='ltr'>quae</span> <span class='ocrx_word' id='word_1_100' title='bbox 555 1683 711 1760; x_wconf 89' lang='lat' dir='ltr'>nescieris,</span> <span class='ocrx_word' id='word_1_101' title='bbox 734 1689 767 1741; x_wconf 92' lang='lat' dir='ltr'>ut</span> <span class='ocrx_word' id='word_1_102' title='bbox 791 1680 867 1741; x_wconf 91' lang='lat' dir='ltr'>bene</span> <span class='ocrx_word' id='word_1_103' title='bbox 890 1689 959 1739; x_wconf 93' lang='lat' dir='ltr'>nota</span> <span class='ocrx_word' id='word_1_104' title='bbox 984 1680 1073 1742; x_wconf 88' lang='lat' dir='ltr'>reier.</span> 
     </span>
    </p>

    <p class='ocr_par' dir='ltr' id='par_1_6' title="bbox 349 1776 1222 1956">
     <span class='ocr_line' id='line_1_14' title="bbox 349 1776 1222 1860; baseline 0.001 -24"><span class='ocrx_word' id='word_1_105' title='bbox 349 1776 403 1838; x_wconf 92' lang='lat' dir='ltr'>Hic</span> <span class='ocrx_word' id='word_1_106' title='bbox 427 1787 473 1839; x_wconf 90' lang='lat' dir='ltr'>est</span> <span class='ocrx_word' id='word_1_107' title='bbox 496 1778 675 1860; x_wconf 85' lang='lat' dir='ltr'>Euphrates,</span> <span class='ocrx_word' id='word_1_108' title='bbox 700 1780 888 1858; x_wconf 89' lang='lat' dir='ltr'>praecinctus</span> <span class='ocrx_word' id='word_1_109' title='bbox 912 1777 1056 1838; x_wconf 91' lang='lat' dir='ltr'>arundine</span> <span class='ocrx_word' id='word_1_110' title='bbox 1080 1779 1222 1858; x_wconf 82' lang='lat' dir='ltr'>frontem,</span> 
     </span>
     <span class='ocr_line' id='line_1_15' title="bbox 394 1875 1090 1956; baseline 0.004 -21"><span class='ocrx_word' id='word_1_111' title='bbox 394 1876 448 1937; x_wconf 84' lang='lat' dir='ltr'>Cui</span> <span class='ocrx_word' id='word_1_112' title='bbox 472 1895 555 1937; x_wconf 90' lang='lat' dir='ltr'>coma</span> <span class='ocrx_word' id='word_1_113' title='bbox 578 1877 726 1955; x_wconf 81' lang='lat' dir='ltr'>dependet</span> <span class='ocrx_word' id='word_1_114' title='bbox 749 1875 881 1956; x_wconf 90' lang='lat' dir='ltr'>caerula,</span> <span class='ocrx_word' id='word_1_115' title='bbox 903 1876 1001 1954; x_wconf 85' lang='lat' dir='ltr'>Tigris</span> <span class='ocrx_word' id='word_1_116' title='bbox 1025 1878 1090 1938; x_wconf 88' lang='lat' dir='ltr'>erit.</span> 
     </span>
    </p>
   </div>
   <div class='ocr_carea' id='block_1_4' title="bbox 131 1993 1479 3237">
    <p class='ocr_par' dir='ltr' id='par_1_7' title="bbox 190 1993 1365 2081">
     <span class='ocr_line' id='line_1_16' title="bbox 190 1993 1365 2081; baseline 0.003 -23"><span class='ocrx_word' id='word_1_117' title='bbox 190 1999 388 2062; x_wconf 88' lang='lat' dir='ltr'>Baehrensius</span> <span class='ocrx_word' id='word_1_118' title='bbox 401 2011 552 2081; x_wconf 90' lang='lat' dir='ltr'>comparat</span> <span class='ocrx_word' id='word_1_119' title='bbox 566 2002 663 2062; x_wconf 91' lang='lat' dir='ltr'>locum</span> <span class='ocrx_word' id='word_1_120' title='bbox 678 2003 736 2061; x_wconf 85' lang='lat' dir='ltr'>iarn</span> <span class='ocrx_word' id='word_1_121' title='bbox 752 2019 842 2078; x_wconf 91' lang='lat' dir='ltr'>supra</span> <span class='ocrx_word' id='word_1_122' title='bbox 855 2000 940 2060; x_wconf 94' lang='lat' dir='ltr'>lauda</span> <span class='ocrx_word' id='word_1_123' title='bbox 977 2019 1015 2080; x_wconf 93' lang='lat' dir='ltr'>m,</span> <span class='ocrx_word' id='word_1_124' title='bbox 1026 1999 1099 2062; x_wconf 88' lang='lat' dir='ltr'>Stat.</span> <span class='ocrx_word' id='word_1_125' title='bbox 1109 1999 1201 2061; x_wconf 84' lang='lat' dir='ltr'>Theb.</span> <span class='ocrx_word' id='word_1_126' title='bbox 1211 1999 1223 2059; x_wconf 98' lang='lat' dir='ltr'>l</span> <span class='ocrx_word' id='word_1_127' title='bbox 1234 1993 1365 2078; x_wconf 69' lang='lat' dir='ltr'>norm:</span> 
     </span>
    </p>

    <p class='ocr_par' dir='ltr' id='par_1_8' title="bbox 156 2097 1479 2865">
     <span class='ocr_line' id='line_1_17' title="bbox 156 2097 1479 2178; baseline 0.002 -22"><span class='ocrx_word' id='word_1_128' title='bbox 156 2101 317 2158; x_wconf 77' lang='lat' dir='ltr'>“acrisoni</span> <span class='ocrx_word' id='word_1_129' title='bbox 345 2099 475 2178; x_wconf 83' lang='lat' dir='ltr'>lugentia</span> <span class='ocrx_word' id='word_1_130' title='bbox 504 2100 624 2160; x_wconf 90' lang='lat' dir='ltr'>llumina</span> <span class='ocrx_word' id='word_1_131' title='bbox 652 2099 719 2160; x_wconf 90' lang='lat' dir='ltr'>Nili.</span> <span class='ocrx_word' id='word_1_132' title='bbox 755 2132 791 2140; x_wconf 91' lang='lat'>—</span> <span class='ocrx_word' id='word_1_133' title='bbox 829 2098 952 2178; x_wconf 87' lang='lat' dir='ltr'>lmpugn</span> <span class='ocrx_word' id='word_1_134' title='bbox 1016 2098 1092 2158; x_wconf 91' lang='lat' dir='ltr'>hanc</span> <span class='ocrx_word' id='word_1_135' title='bbox 1125 2097 1364 2158; x_wconf 85' lang='lat' dir='ltr'>emendationem</span> <span class='ocrx_word' id='word_1_136' title='bbox 1475 2122 1479 2131; x_wconf 95' lang='lat'>·</span> 
     </span>
     <span class='ocr_line' id='line_1_18' title="bbox 189 2190 1365 2280; baseline 0.003 -26"><span class='ocrx_word' id='word_1_137' title='bbox 189 2195 220 2256; x_wconf 83' lang='lat' dir='ltr'>C.</span> <span class='ocrx_word' id='word_1_138' title='bbox 244 2195 402 2257; x_wconf 90' lang='lat' dir='ltr'>Braudtius</span> <span class='ocrx_word' id='word_1_139' title='bbox 429 2192 470 2278; x_wconf 93' lang='lat' dir='ltr'>(p.</span> <span class='ocrx_word' id='word_1_140' title='bbox 497 2190 567 2280; x_wconf 83' lang='lat'>16),</span> <span class='ocrx_word' id='word_1_141' title='bbox 595 2199 658 2257; x_wconf 89' lang='lat' dir='ltr'>siue</span> <span class='ocrx_word' id='word_1_142' title='bbox 686 2199 763 2257; x_wconf 90' lang='lat' dir='ltr'>iusta</span> <span class='ocrx_word' id='word_1_143' title='bbox 790 2215 894 2277; x_wconf 92' lang='lat' dir='ltr'>causa,</span> <span class='ocrx_word' id='word_1_144' title='bbox 924 2205 957 2256; x_wconf 92' lang='lat' dir='ltr'>ut</span> <span class='ocrx_word' id='word_1_145' title='bbox 985 2195 1057 2257; x_wconf 91' lang='lat' dir='ltr'>mihi</span> <span class='ocrx_word' id='word_1_146' title='bbox 1085 2195 1205 2274; x_wconf 92' lang='lat' dir='ltr'>quidem</span> <span class='ocrx_word' id='word_1_147' title='bbox 1234 2196 1365 2258; x_wconf 91' lang='lat' dir='ltr'>uidetur.</span> 
     </span>
     <span class='ocr_line' id='line_1_19' title="bbox 190 2289 1364 2376; baseline 0.002 -24"><span class='ocrx_word' id='word_1_148' title='bbox 190 2292 277 2353; x_wconf 87' lang='lat' dir='ltr'>Certe</span> <span class='ocrx_word' id='word_1_149' title='bbox 306 2295 384 2373; x_wconf 93' lang='lat' dir='ltr'>quod</span> <span class='ocrx_word' id='word_1_150' title='bbox 414 2297 477 2374; x_wconf 85' lang='lat' dir='ltr'>ipse</span> <span class='ocrx_word' id='word_1_151' title='bbox 505 2298 644 2376; x_wconf 84' lang='lat' dir='ltr'>proponit</span> <span class='ocrx_word' id='word_1_152' title='bbox 672 2291 756 2355; x_wconf 71' lang='lat' dir='ltr'>‘cum</span> <span class='ocrx_word' id='word_1_153' title='bbox 785 2295 822 2353; x_wconf 89' lang='lat' dir='ltr'>ah</span> <span class='ocrx_word' id='word_1_154' title='bbox 850 2302 962 2354; x_wconf 91' lang='lat' dir='ltr'>tractus</span> <span class='ocrx_word' id='word_1_155' title='bbox 991 2296 1021 2353; x_wconf 95' lang='lat' dir='ltr'>in</span> <span class='ocrx_word' id='word_1_156' title='bbox 1049 2289 1171 2354; x_wconf 90' lang='lat' dir='ltr'>urbem&#39;</span> <span class='ocrx_word' id='word_1_157' title='bbox 1200 2302 1278 2354; x_wconf 92' lang='lat' dir='ltr'>stare</span> <span class='ocrx_word' id='word_1_158' title='bbox 1302 2313 1364 2354; x_wconf 90' lang='lat' dir='ltr'>non</span> 
     </span>
     <span class='ocr_line' id='line_1_20' title="bbox 188 2386 1365 2474; baseline 0.002 -24"><span class='ocrx_word' id='word_1_159' title='bbox 188 2401 299 2473; x_wconf 88' lang='lat' dir='ltr'>potest,</span> <span class='ocrx_word' id='word_1_160' title='bbox 332 2395 401 2472; x_wconf 92' lang='lat' dir='ltr'>quia</span> <span class='ocrx_word' id='word_1_161' title='bbox 428 2393 501 2454; x_wconf 90' lang='lat' dir='ltr'>haec</span> <span class='ocrx_word' id='word_1_162' title='bbox 529 2393 674 2474; x_wconf 91' lang='lat' dir='ltr'>particula</span> <span class='ocrx_word' id='word_1_163' title='bbox 702 2411 848 2473; x_wconf 86' lang='lat' dir='ltr'>nusquam</span> <span class='ocrx_word' id='word_1_164' title='bbox 876 2391 954 2471; x_wconf 94' lang='lat' dir='ltr'>apud</span> <span class='ocrx_word' id='word_1_165' title='bbox 986 2390 1176 2470; x_wconf 90' lang='lat' dir='ltr'>Propertium</span> <span class='ocrx_word' id='word_1_166' title='bbox 1209 2386 1298 2450; x_wconf 73' lang='lat' dir='ltr'>‘iiam</span> <span class='ocrx_word' id='word_1_167' title='bbox 1333 2401 1365 2452; x_wconf 88' lang='lat' dir='ltr'>et</span> 
     </span>
     <span class='ocr_line' id='line_1_21' title="bbox 189 2489 1364 2572; baseline -0.001 -22"><span class='ocrx_word' id='word_1_168' title='bbox 189 2492 384 2553; x_wconf 85' lang='lat' dir='ltr'>contumeliae</span> <span class='ocrx_word' id='word_1_169' title='bbox 417 2489 615 2572; x_wconf 89' lang='lat' dir='ltr'>uoluptatem&#39;</span> <span class='ocrx_word' id='word_1_170' title='bbox 650 2493 808 2570; x_wconf 85' lang='lat' dir='ltr'>significat,</span> <span class='ocrx_word' id='word_1_171' title='bbox 842 2489 893 2549; x_wconf 93' lang='lat' dir='ltr'>sed</span> <span class='ocrx_word' id='word_1_172' title='bbox 926 2499 977 2549; x_wconf 87' lang='lat' dir='ltr'>aut</span> <span class='ocrx_word' id='word_1_173' title='bbox 1009 2491 1200 2569; x_wconf 85' lang='lat' dir='ltr'>imprecantis</span> <span class='ocrx_word' id='word_1_174' title='bbox 1233 2497 1278 2548; x_wconf 92' lang='lat' dir='ltr'>est</span> <span class='ocrx_word' id='word_1_175' title='bbox 1312 2498 1364 2549; x_wconf 91' lang='lat' dir='ltr'>aut</span> 
     </span>
     <span class='ocr_line' id='line_1_22' title="bbox 189 2586 1364 2671; baseline -0.001 -23"><span class='ocrx_word' id='word_1_176' title='bbox 189 2589 328 2671; x_wconf 74' lang='lat' dir='ltr'>dolentis,</span> <span class='ocrx_word' id='word_1_177' title='bbox 356 2592 502 2669; x_wconf 92' lang='lat' dir='ltr'>imprimis</span> <span class='ocrx_word' id='word_1_178' title='bbox 530 2597 691 2669; x_wconf 91' lang='lat' dir='ltr'>usurpatur</span> <span class='ocrx_word' id='word_1_179' title='bbox 714 2591 751 2648; x_wconf 94' lang='lat' dir='ltr'>iis</span> <span class='ocrx_word' id='word_1_180' title='bbox 775 2588 861 2666; x_wconf 93' lang='lat' dir='ltr'>locis,</span> <span class='ocrx_word' id='word_1_181' title='bbox 889 2586 942 2647; x_wconf 93' lang='lat' dir='ltr'>ubi</span> <span class='ocrx_word' id='word_1_182' title='bbox 969 2594 1069 2666; x_wconf 89' lang='lat' dir='ltr'>poeta,</span> <span class='ocrx_word' id='word_1_183' title='bbox 1097 2605 1173 2666; x_wconf 90' lang='lat' dir='ltr'>quae</span> <span class='ocrx_word' id='word_1_184' title='bbox 1201 2589 1265 2665; x_wconf 90' lang='lat' dir='ltr'>ipse</span> <span class='ocrx_word' id='word_1_185' title='bbox 1294 2604 1364 2647; x_wconf 89' lang='lat' dir='ltr'>cum</span> 
     </span>
     <span class='ocr_line' id='line_1_23' title="bbox 189 2683 1364 2771; baseline -0.002 -26"><span class='ocrx_word' id='word_1_186' title='bbox 189 2686 290 2747; x_wconf 91' lang='lat' dir='ltr'>dolore</span> <span class='ocrx_word' id='word_1_187' title='bbox 314 2697 455 2766; x_wconf 81' lang='lat' dir='ltr'>expertus</span> <span class='ocrx_word' id='word_1_188' title='bbox 479 2691 530 2771; x_wconf 89' lang='lat' dir='ltr'>sit,</span> <span class='ocrx_word' id='word_1_189' title='bbox 553 2687 675 2767; x_wconf 88' lang='lat' dir='ltr'>profert.</span> <span class='ocrx_word' id='word_1_190' title='bbox 718 2684 924 2764; x_wconf 90' lang='lat' dir='ltr'>Inspiciendus</span> <span class='ocrx_word' id='word_1_191' title='bbox 947 2683 988 2744; x_wconf 95' lang='lat' dir='ltr'>illi</span> <span class='ocrx_word' id='word_1_192' title='bbox 1012 2694 1076 2745; x_wconf 88' lang='lat' dir='ltr'>erat</span> <span class='ocrx_word' id='word_1_193' title='bbox 1099 2685 1134 2744; x_wconf 89' lang='lat' dir='ltr'>de</span> <span class='ocrx_word' id='word_1_194' title='bbox 1158 2684 1247 2744; x_wconf 89' lang='lat' dir='ltr'>buius</span> <span class='ocrx_word' id='word_1_195' title='bbox 1270 2686 1364 2744; x_wconf 88' lang='lat' dir='ltr'>inter-</span> 
     </span>
     <span class='ocr_line' id='line_1_24' title="bbox 188 2781 1362 2865; baseline 0.002 -23"><span class='ocrx_word' id='word_1_196' title='bbox 188 2786 325 2844; x_wconf 90' lang='lat' dir='ltr'>iectionis</span> <span class='ocrx_word' id='word_1_197' title='bbox 349 2803 405 2844; x_wconf 91' lang='lat' dir='ltr'>usu</span> <span class='ocrx_word' id='word_1_198' title='bbox 430 2783 608 2862; x_wconf 76' lang='lat' dir='ltr'>lieltherus,</span> <span class='ocrx_word' id='word_1_199' title='bbox 631 2783 667 2843; x_wconf 88' lang='lat' dir='ltr'>dc</span> <span class='ocrx_word' id='word_1_200' title='bbox 691 2782 779 2860; x_wconf 88' lang='lat' dir='ltr'>Prop.</span> <span class='ocrx_word' id='word_1_201' title='bbox 799 2782 905 2843; x_wconf 84' lang='lat' dir='ltr'>elocut</span> <span class='ocrx_word' id='word_1_202' title='bbox 929 2784 1103 2863; x_wconf 84' lang='lat' dir='ltr'>quaestion,</span> <span class='ocrx_word' id='word_1_203' title='bbox 1126 2781 1362 2865; x_wconf 76' lang='lat' dir='ltr'>ed.Hal.18&#39;l8,</span> 
     </span>
    </p>

    <p class='ocr_par' dir='ltr' id='par_1_9' title="bbox 131 2878 1364 3237">
     <span class='ocr_line' id='line_1_25' title="bbox 131 2878 1364 2964; baseline 0.001 -24"><span class='ocrx_word' id='word_1_204' title='bbox 131 2905 169 2964; x_wconf 61' lang='grc' dir='ltr'>,χ</span> <span class='ocrx_word' id='word_1_205' title='bbox 189 2885 240 2960; x_wconf 92' lang='lat' dir='ltr'>qui</span> <span class='ocrx_word' id='word_1_206' title='bbox 254 2901 282 2960; x_wconf 92' lang='lat' dir='ltr'>p.</span> <span class='ocrx_word' id='word_1_207' title='bbox 297 2878 389 2960; x_wconf 86' lang='lat' dir='ltr'>50sq.</span> <span class='ocrx_word' id='word_1_208' title='bbox 405 2901 507 2943; x_wconf 91' lang='lat' dir='ltr'>omues</span> <span class='ocrx_word' id='word_1_209' title='bbox 522 2882 603 2943; x_wconf 92' lang='lat' dir='ltr'>locos</span> <span class='ocrx_word' id='word_1_210' title='bbox 618 2883 778 2960; x_wconf 85' lang='lat' dir='ltr'>congessit.</span> <span class='ocrx_word' id='word_1_211' title='bbox 795 2915 832 2922; x_wconf 98' lang='lat'><em>-</em></span> <span class='ocrx_word' id='word_1_212' title='bbox 851 2880 993 2941; x_wconf 89' lang='lat' dir='ltr'>Similiter</span> <span class='ocrx_word' id='word_1_213' title='bbox 1006 2898 1055 2940; x_wconf 94' lang='lat' dir='ltr'>res</span> <span class='ocrx_word' id='word_1_214' title='bbox 1071 2879 1207 2940; x_wconf 91' lang='lat' dir='ltr'>sehabet</span> <span class='ocrx_word' id='word_1_215' title='bbox 1225 2882 1251 2941; x_wconf 96' lang='lat' dir='ltr'>ll</span> <span class='ocrx_word' id='word_1_216' title='bbox 1266 2879 1295 2960; x_wconf 75' lang='lat'>2,</span> <span class='ocrx_word' id='word_1_217' title='bbox 1312 2879 1349 2941; x_wconf 92' lang='grc'>11</span> <span class='ocrx_word' id='word_1_218' title='bbox 1355 2932 1364 2964; x_wconf 98' lang='grc'>,</span> 
     </span>
     <span class='ocr_line' id='line_1_26' title="bbox 189 2979 1363 3061; baseline -0.001 -22"><span class='ocrx_word' id='word_1_219' title='bbox 189 2979 240 3039; x_wconf 89' lang='lat' dir='ltr'>nbi</span> <span class='ocrx_word' id='word_1_220' title='bbox 268 2979 376 3039; x_wconf 85' lang='lat' dir='ltr'>familia</span> <span class='ocrx_word' id='word_1_221' title='bbox 403 2979 466 3061; x_wconf 86' lang='lat' dir='ltr'>FN,</span> <span class='ocrx_word' id='word_1_222' title='bbox 494 2983 519 3040; x_wconf 92' lang='lat' dir='ltr'>si</span> <span class='ocrx_word' id='word_1_223' title='bbox 546 2999 605 3039; x_wconf 92' lang='lat' dir='ltr'>non</span> <span class='ocrx_word' id='word_1_224' title='bbox 637 2997 743 3038; x_wconf 92' lang='lat' dir='ltr'>uerum</span> <span class='ocrx_word' id='word_1_225' title='bbox 771 2981 870 3057; x_wconf 88' lang='lat' dir='ltr'>ipsum</span> <span class='ocrx_word' id='word_1_226' title='bbox 898 2981 1044 3059; x_wconf 92' lang='lat' dir='ltr'>seruauit,</span> <span class='ocrx_word' id='word_1_227' title='bbox 1070 2986 1170 3038; x_wconf 91' lang='lat' dir='ltr'>tamen</span> <span class='ocrx_word' id='word_1_228' title='bbox 1198 2979 1363 3039; x_wconf 89' lang='lat' dir='ltr'>licentioris</span> 
     </span>
     <span class='ocr_line' id='line_1_27' title="bbox 188 3075 1362 3158; baseline -0.001 -22"><span class='ocrx_word' id='word_1_229' title='bbox 188 3079 360 3138; x_wconf 90' lang='lat' dir='ltr'>mutationis</span> <span class='ocrx_word' id='word_1_230' title='bbox 384 3078 506 3154; x_wconf 85' lang='lat' dir='ltr'>indicio,</span> <span class='ocrx_word' id='word_1_231' title='bbox 532 3077 610 3156; x_wconf 93' lang='lat' dir='ltr'>quod</span> <span class='ocrx_word' id='word_1_232' title='bbox 635 3075 727 3136; x_wconf 90' lang='lat' dir='ltr'>altera</span> <span class='ocrx_word' id='word_1_233' title='bbox 750 3095 821 3155; x_wconf 92' lang='lat' dir='ltr'>prae</span> <span class='ocrx_word' id='word_1_234' title='bbox 845 3096 877 3137; x_wconf 92' lang='lat' dir='ltr'>se</span> <span class='ocrx_word' id='word_1_235' title='bbox 902 3079 972 3158; x_wconf 86' lang='lat' dir='ltr'>fert,</span> <span class='ocrx_word' id='word_1_236' title='bbox 996 3085 1090 3138; x_wconf 90' lang='lat' dir='ltr'>uacat.</span> <span class='ocrx_word' id='word_1_237' title='bbox 1136 3075 1258 3154; x_wconf 90' lang='lat' dir='ltr'>Legitur</span> <span class='ocrx_word' id='word_1_238' title='bbox 1282 3077 1362 3136; x_wconf 90' lang='lat' dir='ltr'>euim</span> 
     </span>
     <span class='ocr_line' id='line_1_28' title="bbox 187 3174 509 3237; baseline 0.012 -4"><span class='ocrx_word' id='word_1_239' title='bbox 187 3177 218 3234; x_wconf 91' lang='lat' dir='ltr'>in</span> <span class='ocrx_word' id='word_1_240' title='bbox 242 3174 290 3234; x_wconf 93' lang='lat' dir='ltr'>illa</span> <span class='ocrx_word' id='word_1_241' title='bbox 314 3177 378 3235; x_wconf 89' lang='lat' dir='ltr'>sine</span> <span class='ocrx_word' id='word_1_242' title='bbox 399 3186 509 3237; x_wconf 89' lang='lat' dir='ltr'>metro:</span> 
     </span>
    </p>
   </div>
   <div class='ocr_carea' id='block_1_5' title="bbox 348 3283 1160 3674">
    <p class='ocr_par' dir='ltr' id='par_1_10' title="bbox 348 3283 1160 3480">
     <span class='ocr_line' id='line_1_29' title="bbox 348 3283 1160 3381; baseline 0.001 -22"><span class='ocrx_word' id='word_1_243' title='bbox 348 3300 450 3370; x_wconf 85' lang='lat' dir='ltr'>Qualis</span> <span class='ocrx_word' id='word_1_244' title='bbox 474 3310 504 3361; x_wconf 87' lang='lat' dir='ltr'>et</span> <span class='ocrx_word' id='word_1_245' title='bbox 526 3299 716 3360; x_wconf 88' lang='lat' dir='ltr'>Ischomache</span> <span class='ocrx_word' id='word_1_246' title='bbox 740 3300 881 3379; x_wconf 89' lang='lat' dir='ltr'>Lapithae</span> <span class='ocrx_word' id='word_1_247' title='bbox 904 3318 999 3378; x_wconf 91' lang='lat' dir='ltr'>genus</span> <span class='ocrx_word' id='word_1_248' title='bbox 1022 3283 1160 3381; x_wconf 91' lang='lat' dir='ltr'>heroine,</span> 
     </span>
     <span class='ocr_line' id='line_1_30' title="bbox 392 3397 1021 3480; baseline 0 -22"><span class='ocrx_word' id='word_1_249' title='bbox 392 3397 548 3459; x_wconf 82' lang='lat' dir='ltr'>Centauris</span> <span class='ocrx_word' id='word_1_250' title='bbox 571 3399 668 3458; x_wconf 93' lang='lat' dir='ltr'>medio</span> <span class='ocrx_word' id='word_1_251' title='bbox 692 3407 776 3477; x_wconf 91' lang='lat' dir='ltr'>grata</span> <span class='ocrx_word' id='word_1_252' title='bbox 799 3399 901 3476; x_wconf 92' lang='lat' dir='ltr'>rapina</span> <span class='ocrx_word' id='word_1_253' title='bbox 923 3417 1021 3480; x_wconf 91' lang='lat' dir='ltr'>mero,</span> 
     </span>
    </p>

    <p class='ocr_par' dir='ltr' id='par_1_11' title="bbox 348 3483 1097 3674">
     <span class='ocr_line' id='line_1_31' title="bbox 348 3483 1014 3558; baseline -0.002 -2"><span class='ocrx_word' id='word_1_254' title='bbox 348 3496 497 3557; x_wconf 85' lang='lat' dir='ltr'>Mercurio</span> <span class='ocrx_word' id='word_1_255' title='bbox 521 3499 592 3557; x_wconf 88' lang='lat' dir='ltr'>satis</span> <span class='ocrx_word' id='word_1_256' title='bbox 616 3499 711 3558; x_wconf 82' lang='lat' dir='ltr'>fertur</span> <span class='ocrx_word' id='word_1_257' title='bbox 735 3495 900 3556; x_wconf 91' lang='lat' dir='ltr'>Boebeidos</span> <span class='ocrx_word' id='word_1_258' title='bbox 923 3483 1014 3556; x_wconf 26' lang='lat' dir='ltr'>undis*</span> 
     </span>
     <span class='ocr_line' id='line_1_32' title="bbox 393 3593 1097 3674; baseline -0.003 -22"><span class='ocrx_word' id='word_1_259' title='bbox 393 3593 564 3672; x_wconf 89' lang='lat' dir='ltr'>Virgineum</span> <span class='ocrx_word' id='word_1_260' title='bbox 587 3597 683 3674; x_wconf 94' lang='lat' dir='ltr'>primo</span> <span class='ocrx_word' id='word_1_261' title='bbox 708 3596 911 3674; x_wconf 91' lang='lat' dir='ltr'>composuisse</span> <span class='ocrx_word' id='word_1_262' title='bbox 935 3593 1020 3654; x_wconf 89' lang='lat' dir='ltr'>latus.</span> <span class='ocrx_word' id='word_1_263' title='bbox 1069 3613 1097 3643; x_wconf 49' lang='lat'>⁴.</span> 
     </span>
    </p>
   </div>
   <div class='ocr_carea' id='block_1_6' title="bbox 126 3710 1360 3997">
    <p class='ocr_par' dir='ltr' id='par_1_12' title="bbox 126 3710 1360 3997">
     <span class='ocr_line' id='line_1_33' title="bbox 126 3710 1359 3797; baseline -0.008 -18"><span class='ocrx_word' id='word_1_264' title='bbox 126 3730 151 3771; x_wconf 56' lang='lat' dir='ltr'>d</span> <span class='ocrx_word' id='word_1_265' title='bbox 186 3719 249 3779; x_wconf 92' lang='lat' dir='ltr'>lloc</span> <span class='ocrx_word' id='word_1_266' title='bbox 280 3719 315 3779; x_wconf 92' lang='lat' dir='ltr'>de</span> <span class='ocrx_word' id='word_1_267' title='bbox 345 3719 409 3778; x_wconf 94' lang='lat' dir='ltr'>loco</span> <span class='ocrx_word' id='word_1_268' title='bbox 438 3718 584 3780; x_wconf 90' lang='lat' dir='ltr'>similibus</span> <span class='ocrx_word' id='word_1_269' title='bbox 616 3719 749 3781; x_wconf 89' lang='lat' dir='ltr'>tenebris</span> <span class='ocrx_word' id='word_1_270' title='bbox 782 3737 826 3793; x_wconf 70' lang='lat' dir='ltr'>ac=</span> <span class='ocrx_word' id='word_1_271' title='bbox 843 3719 884 3777; x_wconf 91' lang='grc' dir='ltr'>ΙΙΙ</span> <span class='ocrx_word' id='word_1_272' title='bbox 908 3715 941 3797; x_wconf 82' lang='lat' dir='ltr'>l,</span> <span class='ocrx_word' id='word_1_273' title='bbox 964 3714 1057 3792; x_wconf 79' lang='lat' dir='ltr'>21sq.</span> <span class='ocrx_word' id='word_1_274' title='bbox 1085 3713 1180 3771; x_wconf 89' lang='lat' dir='ltr'>oliuso</span> <span class='ocrx_word' id='word_1_275' title='bbox 1209 3710 1359 3786; x_wconf 88' lang='lat' dir='ltr'>uariisque</span> 
     </span>
     <span class='ocr_line' id='line_1_34' title="bbox 187 3801 1360 3898; baseline -0.009 -20"><span class='ocrx_word' id='word_1_276' title='bbox 187 3821 368 3878; x_wconf 90' lang='lat' dir='ltr'>coniecturis</span> <span class='ocrx_word' id='word_1_277' title='bbox 401 3819 542 3896; x_wconf 88' lang='lat' dir='ltr'>temptato</span> <span class='ocrx_word' id='word_1_278' title='bbox 576 3821 693 3898; x_wconf 89' lang='lat' dir='ltr'>egregie</span> <span class='ocrx_word' id='word_1_279' title='bbox 726 3818 890 3896; x_wconf 89' lang='lat' dir='ltr'>disputauit</span> <span class='ocrx_word' id='word_1_280' title='bbox 923 3810 1166 3873; x_wconf 80' lang='lat' dir='ltr'>Schneidewinus</span> <span class='ocrx_word' id='word_1_281' title='bbox 1200 3801 1317 3889; x_wconf 88' lang='lat' dir='ltr'>(Philol.</span> <span class='ocrx_word' id='word_1_282' title='bbox 1346 3807 1360 3868; x_wconf 94' lang='lat' dir='ltr'>l</span> 
     </span>
     <span class='ocr_line' id='line_1_35' title="bbox 187 3904 1360 3997; baseline -0.007 -23"><span class='ocrx_word' id='word_1_283' title='bbox 187 3935 214 3996; x_wconf 94' lang='lat' dir='ltr'>p.</span> <span class='ocrx_word' id='word_1_284' title='bbox 230 3911 318 3992; x_wconf 82' lang='lat'>384).</span> <span class='ocrx_word' id='word_1_285' title='bbox 337 3907 352 3997; x_wconf 92' lang='lat'>)</span> <span class='ocrx_word' id='word_1_286' title='bbox 389 3913 513 3974; x_wconf 86' lang='lat' dir='ltr'>Maxima</span> <span class='ocrx_word' id='word_1_287' title='bbox 537 3918 616 3976; x_wconf 90' lang='lat' dir='ltr'>enim</span> <span class='ocrx_word' id='word_1_288' title='bbox 640 3916 688 3976; x_wconf 92' lang='lat' dir='ltr'>ille</span> <span class='ocrx_word' id='word_1_289' title='bbox 713 3932 782 3975; x_wconf 91' lang='lat' dir='ltr'>cum</span> <span class='ocrx_word' id='word_1_290' title='bbox 805 3910 1012 3992; x_wconf 89' lang='lat' dir='ltr'>probabilitate</span> <span class='ocrx_word' id='word_1_291' title='bbox 1034 3905 1187 3966; x_wconf 87' lang='lat' dir='ltr'>contendit</span> <span class='ocrx_word' id='word_1_292' title='bbox 1212 3904 1360 3966; x_wconf 87' lang='lat' dir='ltr'>Boebeide</span> 
     </span>
    </p>
   </div>
   <div class='ocr_carea' id='block_1_7' title="bbox 186 4087 1363 4564">
    <p class='ocr_par' dir='ltr' id='par_1_13' title="bbox 186 4087 1363 4564">
     <span class='ocr_line' id='line_1_36' title="bbox 188 4087 1359 4164; baseline -0.003 -16"><span class='ocrx_word' id='word_1_293' title='bbox 188 4095 319 4164; x_wconf 80' lang='lat' dir='ltr'>quattuor</span> <span class='ocrx_word' id='word_1_294' title='bbox 342 4094 444 4150; x_wconf 86' lang='lat' dir='ltr'>abhinc</span> <span class='ocrx_word' id='word_1_295' title='bbox 463 4095 543 4148; x_wconf 84' lang='lat' dir='ltr'>annis</span> <span class='ocrx_word' id='word_1_296' title='bbox 563 4111 580 4147; x_wconf 89' lang='lat' dir='ltr'>a</span> <span class='ocrx_word' id='word_1_297' title='bbox 598 4109 643 4146; x_wconf 91' lang='lat' dir='ltr'>me</span> <span class='ocrx_word' id='word_1_298' title='bbox 666 4093 793 4162; x_wconf 85' lang='lat' dir='ltr'>incepta,</span> <span class='ocrx_word' id='word_1_299' title='bbox 816 4092 852 4144; x_wconf 85' lang='lat' dir='ltr'>ad</span> <span class='ocrx_word' id='word_1_300' title='bbox 878 4091 982 4145; x_wconf 85' lang='lat' dir='ltr'>calcem</span> <span class='ocrx_word' id='word_1_301' title='bbox 1005 4091 1101 4142; x_wconf 82' lang='lat' dir='ltr'>tamen</span> <span class='ocrx_word' id='word_1_302' title='bbox 1122 4103 1178 4141; x_wconf 89' lang='lat' dir='ltr'>non</span> <span class='ocrx_word' id='word_1_303' title='bbox 1200 4087 1359 4157; x_wconf 80' lang='lat' dir='ltr'>perducta’.</span> 
     </span>
     <span class='ocr_line' id='line_1_37' title="bbox 187 4167 1361 4243; baseline -0.004 -14"><span class='ocrx_word' id='word_1_304' title='bbox 187 4174 371 4230; x_wconf 86' lang='lat' dir='ltr'>Baehrensius</span> <span class='ocrx_word' id='word_1_305' title='bbox 390 4192 451 4230; x_wconf 89' lang='lat' dir='ltr'>eam</span> <span class='ocrx_word' id='word_1_306' title='bbox 471 4173 578 4243; x_wconf 88' lang='lat' dir='ltr'>publici</span> <span class='ocrx_word' id='word_1_307' title='bbox 596 4172 664 4226; x_wconf 87' lang='lat' dir='ltr'>iuris</span> <span class='ocrx_word' id='word_1_308' title='bbox 683 4172 751 4227; x_wconf 82' lang='lat' dir='ltr'>fecit</span> <span class='ocrx_word' id='word_1_309' title='bbox 768 4171 798 4225; x_wconf 91' lang='lat' dir='ltr'>in</span> <span class='ocrx_word' id='word_1_310' title='bbox 817 4169 983 4226; x_wconf 65' lang='lat' dir='ltr'>Misc.‹Crit.</span> <span class='ocrx_word' id='word_1_311' title='bbox 1002 4188 1029 4240; x_wconf 88' lang='lat' dir='ltr'>p.</span> <span class='ocrx_word' id='word_1_312' title='bbox 1050 4174 1092 4223; x_wconf 85' lang='lat'>83.</span> <span class='ocrx_word' id='word_1_313' title='bbox 1112 4199 1144 4208; x_wconf 89' lang='lat'>—</span> <span class='ocrx_word' id='word_1_314' title='bbox 1166 4169 1192 4236; x_wconf 86' lang='lat'>1)</span> <span class='ocrx_word' id='word_1_315' title='bbox 1212 4167 1361 4224; x_wconf 85' lang='lat' dir='ltr'>Turnebus</span> 
     </span>
     <span class='ocr_line' id='line_1_38' title="bbox 187 4249 1363 4325; baseline -0.003 -15"><span class='ocrx_word' id='word_1_316' title='bbox 187 4259 216 4310; x_wconf 81' lang='lat' dir='ltr'>et</span> <span class='ocrx_word' id='word_1_317' title='bbox 235 4255 369 4325; x_wconf 76' lang='lat' dir='ltr'>Scaliger,</span> <span class='ocrx_word' id='word_1_318' title='bbox 389 4273 452 4310; x_wconf 87' lang='lat' dir='ltr'>cum</span> <span class='ocrx_word' id='word_1_319' title='bbox 472 4255 569 4308; x_wconf 80' lang='lat' dir='ltr'>deesse</span> <span class='ocrx_word' id='word_1_320' title='bbox 583 4269 684 4307; x_wconf 88' lang='lat' dir='ltr'>nomen</span> <span class='ocrx_word' id='word_1_321' title='bbox 698 4253 835 4322; x_wconf 78' lang='lat' dir='ltr'>uiderent,</span> <span class='ocrx_word' id='word_1_322' title='bbox 853 4272 880 4306; x_wconf 89' lang='lat' dir='ltr'>u.</span> <span class='ocrx_word' id='word_1_323' title='bbox 897 4258 929 4306; x_wconf 79' lang='lat'>12</span> <span class='ocrx_word' id='word_1_324' title='bbox 948 4249 1170 4322; x_wconf 77' lang='lat' dir='ltr'>ingeniosissime</span> <span class='ocrx_word' id='word_1_325' title='bbox 1185 4250 1363 4319; x_wconf 77' lang='lat' dir='ltr'>scripserunt</span> 
     </span>
     <span class='ocr_line' id='line_1_39' title="bbox 188 4330 1361 4404; baseline -0.005 -14"><span class='ocrx_word' id='word_1_326' title='bbox 188 4337 315 4404; x_wconf 81' lang='lat' dir='ltr'>‘Brimo’,</span> <span class='ocrx_word' id='word_1_327' title='bbox 340 4336 423 4404; x_wconf 84' lang='lat' dir='ltr'>quod·</span> <span class='ocrx_word' id='word_1_328' title='bbox 440 4336 483 4388; x_wconf 84' lang='lat' dir='ltr'>est</span> <span class='ocrx_word' id='word_1_329' title='bbox 508 4332 691 4402; x_wconf 88' lang='lat' dir='ltr'>Proserpinae</span> <span class='ocrx_word' id='word_1_330' title='bbox 714 4331 861 4387; x_wconf 77' lang='lat' dir='ltr'>irascentis</span> <span class='ocrx_word' id='word_1_331' title='bbox 884 4349 993 4388; x_wconf 88' lang='lat' dir='ltr'>nomen.</span> <span class='ocrx_word' id='word_1_332' title='bbox 1031 4330 1229 4399; x_wconf 81' lang='lat' dir='ltr'>Hertnhergius</span> <span class='ocrx_word' id='word_1_333' title='bbox 1252 4331 1361 4401; x_wconf 87' lang='lat' dir='ltr'>autem,</span> 
     </span>
     <span class='ocr_line' id='line_1_40' title="bbox 186 4407 1361 4484; baseline -0.008 -14"><span class='ocrx_word' id='word_1_334' title='bbox 186 4434 248 4470; x_wconf 88' lang='lat' dir='ltr'>curu</span> <span class='ocrx_word' id='word_1_335' title='bbox 268 4416 340 4470; x_wconf 89' lang='lat' dir='ltr'>illud</span> <span class='ocrx_word' id='word_1_336' title='bbox 360 4415 515 4483; x_wconf 77' lang='lat' dir='ltr'>sperneret,</span> <span class='ocrx_word' id='word_1_337' title='bbox 539 4411 607 4482; x_wconf 87' lang='lat' dir='ltr'>quia</span> <span class='ocrx_word' id='word_1_338' title='bbox 626 4430 659 4467; x_wconf 85' lang='lat' dir='ltr'>ea</span> <span class='ocrx_word' id='word_1_339' title='bbox 677 4413 739 4484; x_wconf 86' lang='lat' dir='ltr'>ipsa</span> <span class='ocrx_word' id='word_1_340' title='bbox 757 4414 792 4467; x_wconf 90' lang='lat' dir='ltr'>de</span> <span class='ocrx_word' id='word_1_341' title='bbox 812 4431 909 4484; x_wconf 85' lang='lat' dir='ltr'>cauea,</span> <span class='ocrx_word' id='word_1_342' title='bbox 933 4413 1008 4482; x_wconf 89' lang='lat' dir='ltr'>quod</span> <span class='ocrx_word' id='word_1_343' title='bbox 1030 4407 1100 4466; x_wconf 84' lang='lat' dir='ltr'>haec</span> <span class='ocrx_word' id='word_1_344' title='bbox 1120 4410 1266 4465; x_wconf 75' lang='lat' dir='ltr'>desirata</span> <span class='ocrx_word' id='word_1_345' title='bbox 1284 4409 1361 4462; x_wconf 50' lang='lat' dir='ltr'>lllerm</span> 
     </span>
     <span class='ocr_line' id='line_1_41' title="bbox 186 4493 1359 4564; baseline -0.003 -13"><span class='ocrx_word' id='word_1_346' title='bbox 186 4496 292 4552; x_wconf 87' lang='lat' dir='ltr'>curium</span> <span class='ocrx_word' id='word_1_347' title='bbox 308 4513 326 4550; x_wconf 87' lang='lat' dir='ltr'>a</span> <span class='ocrx_word' id='word_1_348' title='bbox 340 4495 415 4550; x_wconf 88' lang='lat' dir='ltr'>mala</span> <span class='ocrx_word' id='word_1_349' title='bbox 429 4494 584 4564; x_wconf 78' lang='lat' dir='ltr'>cupiditate</span> <span class='ocrx_word' id='word_1_350' title='bbox 598 4493 795 4550; x_wconf 88' lang='lat' dir='ltr'>absterruisset</span> <span class='ocrx_word' id='word_1_351' title='bbox 808 4495 860 4564; x_wconf 81' lang='lat' dir='ltr'>(ita</span> <span class='ocrx_word' id='word_1_352' title='bbox 870 4495 943 4556; x_wconf 86' lang='lat' dir='ltr'>enim</span> <span class='ocrx_word' id='word_1_353' title='bbox 953 4495 1069 4549; x_wconf 78' lang='lat' dir='ltr'>tradunt</span> <span class='ocrx_word' id='word_1_354' title='bbox 1078 4493 1190 4547; x_wconf 84' lang='lat' dir='ltr'>fabulae</span> <span class='ocrx_word' id='word_1_355' title='bbox 1202 4493 1359 4562; x_wconf 78' lang='lat' dir='ltr'>antiquae),</span> 
     </span>
    </p>
   </div>
   <div class='ocr_carea' id='block_1_8' title="bbox 0 0 1538 5042">
    <p class='ocr_par' dir='ltr' id='par_1_14' title="bbox 0 0 1538 5042">
     <span class='ocr_line' id='line_1_42' title="bbox 0 0 1538 5042; baseline 0 0"><span class='ocrx_word' id='word_1_356' title='bbox 0 0 1538 5042; x_wconf 95' lang='lat' dir='ltr'> </span> 
     </span>
    </p>
   </div>
  </div>
 </body>
</html>
