3067 5042
581 367 823 477 -157ss

109 587 181 638 tum
214 571 388 657 ‘Pompeio',
421 574 500 654 quod
533 593 635 638 omnes
668 576 736 636 libri
770 586 905 656 tuentur,
942 576 1110 644 sollicitare.
1155 579 1192 639 nt
1224 581 1289 640 iure

109 674 316 735 Baehrensius
346 693 413 736 cum
442 673 629 734 Lachmanno
661 694 710 736 uu
735 672 779 735 36
807 685 837 734 et
865 672 909 734 40
936 675 1023 755 sedes
1052 686 1167 736 mutare
1199 677 1289 737 iubet.

5 822 28 856 ,Ἴ
111 773 274 843 Quomodo
299 763 377 833 enim
396 771 554 856 Pompeius
573 771 733 832 Ptolemaei
757 770 825 830 dolo
844 772 1020 832 interiectus
1039 772 1149 833 Romae
1168 782 1289 835 aeterno

109 869 235 931 crimini
259 890 324 931 esse
348 867 469 950 potuit?
515 857 697 947 Coniugiunt
724 870 816 946 igitur
843 871 1022 949 interpretes
1046 871 1148 952 adid,
1176 882 1209 933 ut
1233 872 1289 932 Ro·

110 989 195 1032 mam
215 970 326 1031 ultione
346 977 443 1029 tantae
463 968 603 1046 perfidiae
623 967 741 1027 dimissa
762 969 973 1046 sempiternam
992 977 1092 1028 notam
1107 973 1290 1031 contraxisse

4 1143 26 1160 ,Ι
110 1068 308 1149 contendant,
331 1067 420 1147 quod,
444 1085 503 1144 quo
527 1069 592 1126 iure
612 1067 727 1144 iaciant,
752 1067 809 1145 ipsi
832 1065 960 1126 uideant.
998 1066 1035 1127 Et
1057 1067 1212 1129 sustulisse
1232 1070 1289 1129 llu-

112 1175 239 1246 gustum
263 1166 339 1225 banc
362 1167 552 1243 ignominiam
573 1163 726 1243 Cleopatra
751 1167 829 1224 uicta
849 1163 1055 1224 Lachmaunus
1075 1175 1156 1226 recte
1180 1177 1288 1226 monet.

4 1317 18 1360 .,
113 1265 228 1326 Contra
247 1283 345 1324 nonne
364 1261 456 1323 multo
473 1263 575 1322 uerius
590 1261 700 1322 Romae
720 1280 852 1322 summae
871 1263 1048 1339 ignominiae
1068 1266 1146 1324 uerti
1165 1274 1290 1345 poterat,

114 1362 197 1442 quod
223 1361 386 1441 Cleopatra,
409 1360 542 1439 improba
567 1362 708 1423 meretrix
792 1373 796 1380 ·

625 1471 765 1554 ‘pretium
790 1474 919 1535 Romana
942 1479 1077 1555 poposcit
1162 1527 1164 1532 .

329 1575 445 1635 Moenia
469 1585 498 1636 et
521 1574 654 1635 addictos
678 1576 708 1632 in
732 1579 786 1634 sua
808 1591 899 1651 regna
922 1570 1062 1654 patres'?

109 1701 176 1762 Iam
204 1702 303 1781 uides,
334 1717 422 1778 quam
450 1701 549 1778 inepta
577 1697 762 1776 Hertzbergii
791 1700 997 1776 interpretatio
1031 1703 1082 1761 sit:
1116 1695 1183 1761 ‘boo
1217 1721 1288 1762 uero

28 1776 37 1801 f
110 1800 246 1860 dedecus
270 1800 398 1858 nominis
421 1797 545 1856 liomani
570 1797 798 1876 sempiternum,
822 1795 900 1874 quod
925 1799 1000 1858 ciuis
1024 1798 1187 1879 Romanus,
1211 1801 1289 1877 qnod

109 1897 276 1958 commilito
304 1897 571 1957 abiectissimorum
600 1895 753 1954 hominum
782 1896 956 1974 contagione
986 1905 1015 1956 et
1043 1897 1197 1958 fraudibus
1221 1918 1289 1959 con·

15 1979 20 2014 '¹
111 1999 277 2056 taminatus
300 1997 511 2072 imperatorem
535 2011 622 2053 suum
645 1993 780 2071 proditor
806 1989 974 2072 percussit'.
1020 1995 1061 2054 llo
1085 2014 1122 2055 ne
1146 1997 1201 2056 boc
1225 1999 1289 2075 qui·

5 2077 20 2092 '¹
109 2094 184 2153 dem
203 2092 410 2152 Lachmaunus
435 2089 563 2168 neglexit
582 2093 702 2151 nimiam
721 2109 787 2150 esse
811 2089 960 2151 licentiam
978 2094 1107 2170 primum
1126 2097 1290 2172 prationem

109 2191 150 2250 ad
166 2175 335 2268 'Memphim
359 2189 487 2266 dirigere
512 2182 555 2270 (u.
571 2183 637 2269 34),
660 2188 728 2250 dein
752 2189 875 2268 Pompei
898 2193 1048 2250 mentione
1072 2191 1147 2252 lacta
1172 2186 1215 2275 (u.
1231 2188 1287 2273 35)

108 2289 239 2349 Romam
257 2287 366 2366 alloqui
386 2279 428 2367 (u.
444 2281 510 2367 36),
534 2294 597 2346 tum
617 2303 722 2346 rursus
741 2285 916 2365 Pompeium
934 2288 1016 2348 ailari
1037 2282 1081 2370 (u¹
1096 2285 1163 2370 37).
1198 2290 1289 2350 Recte

14 2463 16 2470 Ι
108 2389 207 2465 igitur
230 2384 278 2445 ille
303 2392 398 2445 totum
422 2383 519 2444 locum
544 2386 734 2444 constituisse
758 2384 831 2445 mibi
854 2386 981 2446 uidetur.

26 2519 34 2540 '
72 2538 74 2547 ¹
110 2510 152 2570 lv
179 2507 208 2588 7,
232 2507 289 2570 25:
335 2509 396 2569 Neo
420 2512 537 2587 crepuit
560 2510 628 2568 lissa
652 2527 698 2568 me
722 2520 846 2588 propter
869 2511 1014 2572 arundine
1038 2523 1147 2574 custos.

1 2634 14 2663 ²·
110 2633 352 2713 Intellegendum
376 2652 441 2694 esse
466 2636 633 2716 custodem,
661 2637 713 2713 qui
736 2637 814 2694 intra
838 2643 952 2714 septem
977 2637 1054 2717 dies,
1082 2656 1157 2716 quos
1180 2656 1289 2717 corpus

110 2741 278 2813 mortuum,
301 2741 459 2810 antequam
483 2741 676 2813 cremaretur,
700 2732 780 2792 domi
804 2742 956 2795 seruatum
979 2754 1045 2796 esse
1066 2734 1179 2796 Plinius
1203 2736 1290 2796 docet
1310 2759 1313 2764 ·

108 2825 176 2914 (ap.
202 2829 286 2890 Seru.
310 2831 345 2890 ad
369 2829 454 2908 Verg.
479 2829 549 2889 Aen.
574 2829 609 2888 Vl
634 2824 729 2912 218),
762 2831 858 2891 listula
889 2835 1045 2912 cecinerit,
1076 2833 1290 2912 Hertzbergius

27 2993 35 3009 ‚
111 2928 334 2989 animaduertit.
372 2927 413 2988 Ac
433 2926 631 2987 Baehrensius
656 2934 754 3004 spreta
779 2926 923 2988 librorum
939 2927 1013 2987 DVN
1030 2929 1157 2989 lectione
1177 2936 1289 3010 recepit

1 3047 6 3089 t
111 3020 206 3105 ‘fira',
235 3025 313 3103 quod
341 3027 373 3084 in
396 3024 418 3084 F
442 3031 495 3082 est.
543 3022 600 3082 Sed
626 3042 684 3101 quo
708 3025 774 3082 iure
797 3024 826 3082 id
853 3025 970 3104 iecerit,
999 3044 1053 3103 ego
1082 3031 1200 3106 assequi
1230 3048 1289 3089 non
1339 3043 1343 3051 ’

110 3141 246 3204 possum.
284 3122 421 3181 Fortasse
437 3122 546 3198 cogitat
561 3139 594 3180 ea
609 3121 644 3180 de
660 3138 701 3200 re,
722 3121 800 3199 quod
821 3122 990 3199 complures
1004 3124 1158 3185 arundinis
1173 3126 1288 3186 fistulae
1365 3129 1370 3137 '

100 3239 184 3282 cera
208 3222 287 3280 inter
309 3237 340 3278 se
360 3210 663 3301 conirrngebantur¹);
686 3217 742 3276 boo
761 3236 835 3277 uero
854 3220 933 3280 nuda
953 3238 1026 3279 uoce
1051 3216 1131 3281 ‘sura'
1155 3231 1289 3286 notatum

114 3337 183 3379 esse
208 3319 258 3377 uix
281 3322 387 3393 potest.
425 3314 517 3375 lmrno
542 3317 639 3394 aptius
662 3324 708 3376 est
731 3315 910 3377 uocabulum
931 3312 1021 3378 ‘lissa'
1042 3326 1071 3379 et
1092 3321 1289 3400 intellegenda

112 3419 193 3477 lorto
218 3411 288 3475 tibia
312 3412 433 3492 duplex,
463 3431 538 3491 quae
567 3413 682 3474 duabus
710 3414 817 3476 fistulis
840 3417 871 3474 in
895 3433 987 3476 tinum
1016 3418 1193 3479 coeuntibus
1220 3440 1288 3480 cou-

27 3496 30 3507 ’
112 3513 219 3574 stabat.
253 3545 294 3552 —
327 3510 386 3570 lam
416 3512 506 3571 allero
535 3511 647 3594 locum,
677 3512 729 3572 ubi
757 3514 902 3590 genuinae
931 3515 1095 3592 scripturae
1129 3519 1289 3594 uestigium

113 3612 277 3671 indicatum
302 3628 367 3670 esse
391 3611 422 3668 iu
446 3609 469 3668 F
493 3611 638 3688 suspicari
661 3612 766 3688 possis.

26 3742 29 3751 '
113 3734 154 3794 lll
182 3732 231 3814 13,
243 3727 307 3796 '372
330 3735 422 3794 Pinus
446 3744 475 3795 et
499 3734 676 3795 incumbens
699 3735 794 3796 lentas
817 3736 1019 3797 circumdabat
1044 3735 1172 3816 umbras.

115 3857 193 3918 Cane
219 3859 379 3937 quidquam
403 3858 518 3919 tribuas
542 3859 653 3920 codicis
676 3860 699 3941 F
728 3863 893 3939 scripturae
918 3855 1015 3920 ‘letas'
1040 3855 1171 3941 (lentas'
1197 3860 1289 3945 cett),
1344 3935 1348 3944 ι

116 3975 187 4036 qua,
217 3965 250 4016 ut
273 3957 402 4016 conicias
426 3951 541 4017 ‘laetas'
564 3956 613 4016 uel
638 3951 745 4038 ‘latas’,
774 3959 880 4018 adduci
907 3961 1012 4037 possis.
1058 3958 1120 4019 Hae
1146 3960 1288 4022 lectiones

116 4053 221 4113 obuiae
241 4055 360 4113 suntin
380 4052 462 4113 libris
482 4052 623 4114 Italorum
642 4057 819 4115 commentis
839 4055 970 4117 foedatis.
1008 4055 1185 4118 Emendauit
1208 4048 1288 4122 bunc

115 4169 144 4211 u.
173 4150 372 4209 Baehrensius
400 4145 495 4230 (illiso.
524 4148 595 4211 Crit.
624 4172 651 4231 p.
678 4147 769 4234 105),
797 4172 865 4212 cum
895 4154 1053 4215 scriberet:
1086 4155 1182 4216 lentis,
1229 4156 1289 4236 lpsi

116 4250 194 4308 enirn
220 4256 351 4308 amantes
376 4247 431 4307 sub
455 4248 560 4308 umbra
585 4252 672 4309 strati
693 4250 835 4332 dicuntur
858 4249 943 4332 lenti3
968 4255 1010 4312 sic
1034 4252 1118 4331 Verg.
1134 4253 1194 4313 Ecl.
1212 4253 1238 4332 1,
1253 4252 1288 4314 4ε

116 4377 156 4388 -
183 4354 227 4425 tu,
251 4330 361 4424 Tityre,
384 4343 482 4405 lentus
506 4348 537 4406 iu
560 4347 674 4407 umbra.

190 4499 215 4565 1)
236 4495 277 4551 Cf.
296 4497 380 4568 Verg.
400 4498 458 4552 Ecl.
478 4505 503 4567 3,
522 4507 570 4554 2⁵:
591 4531 622 4540 -—
634 4503 684 4555 out
703 4518 826 4569 unquam
846 4503 899 4556 tibi
918 4504 1013 4557 fistula
1031 4521 1094 4558 cera
1112 4503 1209 4558 iuncta
1226 4507 1286 4560 fuit.
