<?xml version="1.0" encoding="UTF-8"?>
<!DOCTYPE html PUBLIC "-//W3C//DTD XHTML 1.0 Transitional//EN"
    "http://www.w3.org/TR/xhtml1/DTD/xhtml1-transitional.dtd">
<html xmlns="http://www.w3.org/1999/xhtml" xml:lang="en" lang="en">
 <head>
  <title>
</title>
<meta http-equiv="Content-Type" content="text/html;charset=utf-8" />
  <meta name='ocr-system' content='tesseract 3.04.00' />
  <meta name='ocr-capabilities' content='ocr_page ocr_carea ocr_par ocr_line ocrx_word'/>
</head>
<body>
  <div class='ocr_page' id='page_1' title='image "./decodicibusprop00solbgoog_0019.png"; bbox 0 0 3067 5042; ppageno 0'>
   <div class='ocr_carea' id='block_1_1' title="bbox 555 375 796 442">
    <p class='ocr_par' dir='ltr' id='par_1_1' title="bbox 555 375 796 442">
     <span class='ocr_line' id='line_1_1' title="bbox 555 375 796 442; baseline 0.008 -2"><span class='ocrx_word' id='word_1_1' title='bbox 555 375 796 442; x_wconf 85' lang='lat'>-151—</span> 
     </span>
    </p>
   </div>
   <div class='ocr_carea' id='block_1_2' title="bbox 49 537 1258 725">
    <p class='ocr_par' dir='ltr' id='par_1_2' title="bbox 49 537 1258 725">
     <span class='ocr_line' id='line_1_2' title="bbox 49 537 1258 626; baseline 0.012 -33"><span class='ocrx_word' id='word_1_2' title='bbox 49 537 217 596; x_wconf 75' lang='lat' dir='ltr'><strong>ficetum</strong></span> <span class='ocrx_word' id='word_1_3' title='bbox 247 555 316 598; x_wconf 88' lang='lat' dir='ltr'><strong>esse</strong></span> <span class='ocrx_word' id='word_1_4' title='bbox 340 539 443 598; x_wconf 81' lang='lat' dir='ltr'><strong>fateor.</strong></span> <span class='ocrx_word' id='word_1_5' title='bbox 468 573 503 582; x_wconf 90' lang='lat'>-</span> <span class='ocrx_word' id='word_1_6' title='bbox 526 539 636 600; x_wconf 79' lang='lat' dir='ltr'>Contra</span> <span class='ocrx_word' id='word_1_7' title='bbox 659 557 778 602; x_wconf 85' lang='lat' dir='ltr'><strong>causam</strong></span> <span class='ocrx_word' id='word_1_8' title='bbox 801 544 828 602; x_wconf 88' lang='lat' dir='ltr'><strong>ei</strong></span> <span class='ocrx_word' id='word_1_9' title='bbox 853 542 945 603; x_wconf 87' lang='lat' dir='ltr'><strong>luisse</strong></span> <span class='ocrx_word' id='word_1_10' title='bbox 968 551 1041 622; x_wconf 91' lang='lat' dir='ltr'><strong>puto</strong></span> <span class='ocrx_word' id='word_1_11' title='bbox 1065 546 1181 626; x_wconf 86' lang='lat' dir='ltr'><strong>iustam,</strong></span> <span class='ocrx_word' id='word_1_12' title='bbox 1205 565 1258 607; x_wconf 93' lang='lat' dir='ltr'><strong>cur</strong></span> 
     </span>
     <span class='ocr_line' id='line_1_3' title="bbox 50 629 1257 725; baseline 0.011 -33"><span class='ocrx_word' id='word_1_13' title='bbox 50 629 170 694; x_wconf 89' lang='lat' dir='ltr'><strong>natis’</strong></span> <span class='ocrx_word' id='word_1_14' title='bbox 195 636 234 695; x_wconf 93' lang='lat' dir='ltr'><strong>in</strong></span> <span class='ocrx_word' id='word_1_15' title='bbox 257 631 384 716; x_wconf 76' lang='lat' dir='ltr'><strong>‘nuptis&#39;</strong></span> <span class='ocrx_word' id='word_1_16' title='bbox 403 645 540 719; x_wconf 86' lang='lat' dir='ltr'><strong>mutaret,</strong></span> <span class='ocrx_word' id='word_1_17' title='bbox 565 638 643 716; x_wconf 90' lang='lat' dir='ltr'><strong>quod</strong></span> <span class='ocrx_word' id='word_1_18' title='bbox 664 641 751 700; x_wconf 86' lang='lat' dir='ltr'><strong>etiam</strong></span> <span class='ocrx_word' id='word_1_19' title='bbox 771 639 901 701; x_wconf 89' lang='lat' dir='ltr'><strong>Vahleno</strong></span> <span class='ocrx_word' id='word_1_20' title='bbox 920 635 1121 725; x_wconf 80' lang='lat' dir='ltr'><strong>(1.1.p.336)</strong></span> <span class='ocrx_word' id='word_1_21' title='bbox 1140 643 1257 724; x_wconf 77' lang='lat' dir='ltr'>placuit.</span> 
     </span>
    </p>
   </div>
   <div class='ocr_carea' id='block_1_3' title="bbox 48 765 1057 932">
    <p class='ocr_par' dir='ltr' id='par_1_3' title="bbox 48 765 1057 932">
     <span class='ocr_line' id='line_1_4' title="bbox 48 765 1057 850; baseline 0.011 -25"><span class='ocrx_word' id='word_1_22' title='bbox 48 767 74 826; x_wconf 71' lang='grc' dir='ltr'><strong>(Ι</strong></span> <span class='ocrx_word' id='word_1_23' title='bbox 105 765 172 850; x_wconf 80' lang='lat'><strong>29,</strong></span> <span class='ocrx_word' id='word_1_24' title='bbox 195 765 267 831; x_wconf 90' lang='lat'><strong>41:</strong></span> <span class='ocrx_word' id='word_1_25' title='bbox 299 769 348 830; x_wconf 88' lang='lat' dir='ltr'><strong>Sic</strong></span> <span class='ocrx_word' id='word_1_26' title='bbox 372 789 427 850; x_wconf 82' lang='lat' dir='ltr'><strong>ego</strong></span> <span class='ocrx_word' id='word_1_27' title='bbox 451 780 509 832; x_wconf 89' lang='lat' dir='ltr'><strong>tam</strong></span> <span class='ocrx_word' id='word_1_28' title='bbox 534 775 629 833; x_wconf 89' lang='lat' dir='ltr'><strong>sancti</strong></span> <span class='ocrx_word' id='word_1_29' title='bbox 652 772 749 833; x_wconf 93' lang='lat' dir='ltr'><strong>cultor</strong></span> <span class='ocrx_word' id='word_1_30' title='bbox 773 774 911 834; x_wconf 91' lang='lat' dir='ltr'><strong>secludor</strong></span> <span class='ocrx_word' id='word_1_31' title='bbox 936 777 1057 836; x_wconf 87' lang='lat' dir='ltr'><strong>amoris:</strong></span> 
     </span>
     <span class='ocr_line' id='line_1_5' title="bbox 344 868 923 932; baseline 0.005 -3"><span class='ocrx_word' id='word_1_32' title='bbox 344 868 388 929; x_wconf 81' lang='lat' dir='ltr'><strong>Er</strong></span> <span class='ocrx_word' id='word_1_33' title='bbox 411 869 461 930; x_wconf 92' lang='lat' dir='ltr'><strong>illo</strong></span> <span class='ocrx_word' id='word_1_34' title='bbox 486 869 555 930; x_wconf 80' lang='lat' dir='ltr'>felix</span> <span class='ocrx_word' id='word_1_35' title='bbox 578 889 637 931; x_wconf 87' lang='lat' dir='ltr'><strong>nox</strong></span> <span class='ocrx_word' id='word_1_36' title='bbox 661 871 733 932; x_wconf 82' lang='lat' dir='ltr'><strong>milri</strong></span> <span class='ocrx_word' id='word_1_37' title='bbox 756 871 836 932; x_wconf 91' lang='lat' dir='ltr'><strong>nulla</strong></span> <span class='ocrx_word' id='word_1_38' title='bbox 859 872 923 932; x_wconf 86' lang='lat' dir='ltr'><strong>luit.</strong></span> 
     </span>
    </p>
   </div>
   <div class='ocr_carea' id='block_1_4' title="bbox 47 995 1295 2754">
    <p class='ocr_par' dir='ltr' id='par_1_4' title="bbox 47 995 1295 2754">
     <span class='ocr_line' id='line_1_6' title="bbox 48 995 1263 1084; baseline 0.007 -31"><span class='ocrx_word' id='word_1_39' title='bbox 48 995 214 1078; x_wconf 85' lang='lat' dir='ltr'>Versum,</span> <span class='ocrx_word' id='word_1_40' title='bbox 239 998 274 1056; x_wconf 92' lang='lat' dir='ltr'><strong>iu</strong></span> <span class='ocrx_word' id='word_1_41' title='bbox 293 1014 352 1074; x_wconf 90' lang='lat' dir='ltr'><strong>quo</strong></span> <span class='ocrx_word' id='word_1_42' title='bbox 372 995 555 1056; x_wconf 88' lang='lat' dir='ltr'><strong>emendando</strong></span> <span class='ocrx_word' id='word_1_43' title='bbox 574 995 660 1058; x_wconf 92' lang='lat' dir='ltr'><strong>multi</strong></span> <span class='ocrx_word' id='word_1_44' title='bbox 679 998 737 1056; x_wconf 89' lang='lat' dir='ltr'><strong>uiri</strong></span> <span class='ocrx_word' id='word_1_45' title='bbox 756 995 836 1057; x_wconf 92' lang='lat' dir='ltr'><strong>docti</strong></span> <span class='ocrx_word' id='word_1_46' title='bbox 854 996 1096 1080; x_wconf 80' lang='lat' dir='ltr'><strong>desudauerunt,</strong></span> <span class='ocrx_word' id='word_1_47' title='bbox 1105 999 1263 1084; x_wconf 85' lang='lat' dir='ltr'><strong>adscripsi,</strong></span> 
     </span>
     <span class='ocr_line' id='line_1_7' title="bbox 47 1093 1257 1159; baseline 0.005 -6"><span class='ocrx_word' id='word_1_48' title='bbox 47 1101 91 1154; x_wconf 91' lang='lat' dir='ltr'><strong>ut</strong></span> <span class='ocrx_word' id='word_1_49' title='bbox 125 1093 344 1155; x_wconf 90' lang='lat' dir='ltr'><strong>Baehrensius</strong></span> <span class='ocrx_word' id='word_1_50' title='bbox 373 1113 388 1155; x_wconf 90' lang='lat' dir='ltr'><strong>e</strong></span> <span class='ocrx_word' id='word_1_51' title='bbox 418 1096 589 1156; x_wconf 90' lang='lat' dir='ltr'><strong>coniectura</strong></span> <span class='ocrx_word' id='word_1_52' title='bbox 617 1093 706 1156; x_wconf 87' lang='lat' dir='ltr'><strong>dedit.</strong></span> <span class='ocrx_word' id='word_1_53' title='bbox 751 1093 835 1154; x_wconf 85' lang='lat' dir='ltr'><strong>Libri</strong></span> <span class='ocrx_word' id='word_1_54' title='bbox 862 1097 934 1155; x_wconf 88' lang='lat' dir='ltr'><strong>satis</strong></span> <span class='ocrx_word' id='word_1_55' title='bbox 961 1098 1091 1157; x_wconf 91' lang='lat' dir='ltr'><strong>uariant:</strong></span> <span class='ocrx_word' id='word_1_56' title='bbox 1124 1099 1257 1159; x_wconf 90' lang='lat' dir='ltr'><strong>custodis</strong></span> 
     </span>
     <span class='ocr_line' id='line_1_8' title="bbox 50 1191 1257 1276; baseline 0.005 -25"><span class='ocrx_word' id='word_1_57' title='bbox 50 1201 173 1254; x_wconf 89' lang='lat' dir='ltr'><strong>rector</strong></span> <span class='ocrx_word' id='word_1_58' title='bbox 195 1191 232 1274; x_wconf 86' lang='lat' dir='ltr'><strong>F,</strong></span> <span class='ocrx_word' id='word_1_59' title='bbox 259 1192 381 1254; x_wconf 90' lang='lat' dir='ltr'><strong>custode</strong></span> <span class='ocrx_word' id='word_1_60' title='bbox 396 1191 526 1253; x_wconf 89' lang='lat' dir='ltr'><strong>·relud0r</strong></span> <span class='ocrx_word' id='word_1_61' title='bbox 544 1192 580 1274; x_wconf 87' lang='lat' dir='ltr'><strong>N,</strong></span> <span class='ocrx_word' id='word_1_62' title='bbox 603 1201 704 1254; x_wconf 87' lang='lat' dir='ltr'><strong>custos</strong></span> <span class='ocrx_word' id='word_1_63' title='bbox 723 1191 862 1253; x_wconf 91' lang='lat' dir='ltr'><strong>recludor</strong></span> <span class='ocrx_word' id='word_1_64' title='bbox 883 1191 941 1276; x_wconf 87' lang='lat' dir='ltr'><strong>DV,</strong></span> <span class='ocrx_word' id='word_1_65' title='bbox 964 1212 1040 1272; x_wconf 90' lang='lat' dir='ltr'><strong>quae</strong></span> <span class='ocrx_word' id='word_1_66' title='bbox 1064 1197 1162 1255; x_wconf 91' lang='lat' dir='ltr'><strong>omnia</strong></span> <span class='ocrx_word' id='word_1_67' title='bbox 1184 1197 1257 1258; x_wconf 82' lang='lat' dir='ltr'><strong>ferri</strong></span> 
     </span>
     <span class='ocr_line' id='line_1_9' title="bbox 52 1291 1256 1374; baseline 0.003 -24"><span class='ocrx_word' id='word_1_68' title='bbox 52 1309 127 1350; x_wconf 90' lang='lat' dir='ltr'><strong>non</strong></span> <span class='ocrx_word' id='word_1_69' title='bbox 154 1308 254 1370; x_wconf 89' lang='lat' dir='ltr'><strong>posse</strong></span> <span class='ocrx_word' id='word_1_70' title='bbox 278 1291 466 1353; x_wconf 86' lang='lat' dir='ltr'><strong>manifestum</strong></span> <span class='ocrx_word' id='word_1_71' title='bbox 491 1299 544 1354; x_wconf 90' lang='lat' dir='ltr'><strong>est.</strong></span> <span class='ocrx_word' id='word_1_72' title='bbox 588 1292 628 1352; x_wconf 83' lang='lat' dir='ltr'><strong>dc</strong></span> <span class='ocrx_word' id='word_1_73' title='bbox 652 1293 782 1372; x_wconf 88' lang='lat' dir='ltr'><strong>primurn</strong></span> <span class='ocrx_word' id='word_1_74' title='bbox 805 1298 848 1374; x_wconf 87' lang='lat' dir='ltr'><strong>ut,</strong></span> <span class='ocrx_word' id='word_1_75' title='bbox 871 1292 951 1371; x_wconf 88' lang='lat' dir='ltr'><strong>quod</strong></span> <span class='ocrx_word' id='word_1_76' title='bbox 974 1292 1101 1354; x_wconf 87' lang='lat' dir='ltr'><strong>uerbum</strong></span> <span class='ocrx_word' id='word_1_77' title='bbox 1126 1293 1256 1355; x_wconf 89' lang='lat' dir='ltr'><strong>scriben-</strong></span> 
     </span>
     <span class='ocr_line' id='line_1_10' title="bbox 56 1383 1255 1472; baseline 0.003 -22"><span class='ocrx_word' id='word_1_78' title='bbox 56 1390 141 1450; x_wconf 88' lang='lat' dir='ltr'><strong>dum</strong></span> <span class='ocrx_word' id='word_1_79' title='bbox 179 1390 237 1469; x_wconf 90' lang='lat' dir='ltr'><strong>sit,</strong></span> <span class='ocrx_word' id='word_1_80' title='bbox 272 1392 469 1469; x_wconf 77' lang='lat' dir='ltr'><strong>excutiamus,</strong></span> <span class='ocrx_word' id='word_1_81' title='bbox 502 1389 613 1451; x_wconf 91' lang='lat' dir='ltr'><strong>codicis</strong></span> <span class='ocrx_word' id='word_1_82' title='bbox 641 1389 663 1450; x_wconf 85' lang='lat' dir='ltr'>F</span> <span class='ocrx_word' id='word_1_83' title='bbox 695 1388 770 1451; x_wconf 92' lang='lat' dir='ltr'><strong>illud</strong></span> <span class='ocrx_word' id='word_1_84' title='bbox 803 1383 936 1471; x_wconf 68' lang='lat' dir='ltr'><strong>‘rector&#39;,</strong></span> <span class='ocrx_word' id='word_1_85' title='bbox 969 1390 1048 1469; x_wconf 89' lang='lat' dir='ltr'><strong>quod</strong></span> <span class='ocrx_word' id='word_1_86' title='bbox 1081 1402 1255 1472; x_wconf 89' lang='lat' dir='ltr'><strong>corruptum</strong></span> 
     </span>
     <span class='ocr_line' id='line_1_11' title="bbox 57 1482 1256 1572; baseline 0.003 -24"><span class='ocrx_word' id='word_1_87' title='bbox 57 1488 196 1549; x_wconf 90' lang='lat' dir='ltr'><strong>uidetur</strong></span> <span class='ocrx_word' id='word_1_88' title='bbox 223 1507 241 1548; x_wconf 87' lang='grc'><strong>6</strong></span> <span class='ocrx_word' id='word_1_89' title='bbox 267 1482 427 1570; x_wconf 74' lang='lat' dir='ltr'><strong>‘reiector&#39;,</strong></span> <span class='ocrx_word' id='word_1_90' title='bbox 450 1487 568 1548; x_wconf 90' lang='lat' dir='ltr'><strong>abicere</strong></span> <span class='ocrx_word' id='word_1_91' title='bbox 591 1507 651 1549; x_wconf 92' lang='lat' dir='ltr'><strong>non</strong></span> <span class='ocrx_word' id='word_1_92' title='bbox 675 1486 886 1572; x_wconf 66' lang='lat' dir='ltr'><strong>dubitabimus</strong></span> <span class='ocrx_word' id='word_1_93' title='bbox 909 1507 978 1549; x_wconf 91' lang='lat' dir='ltr'><strong>cum</strong></span> <span class='ocrx_word' id='word_1_94' title='bbox 1002 1490 1256 1568; x_wconf 79' lang='lat' dir='ltr'><strong>frequentatiuum</strong></span> 
     </span>
     <span class='ocr_line' id='line_1_12' title="bbox 59 1584 1295 1668; baseline 0.005 -23"><span class='ocrx_word' id='word_1_95' title='bbox 59 1587 117 1647; x_wconf 90' lang='lat' dir='ltr'><strong>hic</strong></span> <span class='ocrx_word' id='word_1_96' title='bbox 145 1587 225 1646; x_wconf 87' lang='lat' dir='ltr'><strong>lerri</strong></span> <span class='ocrx_word' id='word_1_97' title='bbox 250 1594 386 1664; x_wconf 87' lang='lat' dir='ltr'><strong>nequeat.</strong></span> <span class='ocrx_word' id='word_1_98' title='bbox 424 1585 637 1647; x_wconf 79' lang='lat' dir='ltr'><strong>Alitertamen</strong></span> <span class='ocrx_word' id='word_1_99' title='bbox 661 1586 773 1648; x_wconf 90' lang='lat' dir='ltr'><strong>iudicat</strong></span> <span class='ocrx_word' id='word_1_100' title='bbox 796 1585 1017 1665; x_wconf 84' lang='lat' dir='ltr'><strong>Hertzbergius.</strong></span> <span class='ocrx_word' id='word_1_101' title='bbox 1054 1587 1115 1648; x_wconf 86' lang='lat' dir='ltr'><strong>lern</strong></span> <span class='ocrx_word' id='word_1_102' title='bbox 1138 1593 1254 1668; x_wconf 85' lang='lat' dir='ltr'><strong>quaeri·</strong></span> <span class='ocrx_word' id='word_1_103' title='bbox 1289 1584 1295 1590; x_wconf 77' lang='grc'><strong>’</strong></span> 
     </span>
     <span class='ocr_line' id='line_1_13' title="bbox 61 1683 1253 1768; baseline 0.003 -24"><span class='ocrx_word' id='word_1_104' title='bbox 61 1693 134 1766; x_wconf 89' lang='lat' dir='ltr'><strong>tur,</strong></span> <span class='ocrx_word' id='word_1_105' title='bbox 163 1693 273 1746; x_wconf 90' lang='lat' dir='ltr'><strong>utrum</strong></span> <span class='ocrx_word' id='word_1_106' title='bbox 297 1686 506 1768; x_wconf 88' lang='lat' dir='ltr'><strong>compositum,</strong></span> <span class='ocrx_word' id='word_1_107' title='bbox 535 1685 614 1764; x_wconf 89' lang='lat' dir='ltr'><strong>quod</strong></span> <span class='ocrx_word' id='word_1_108' title='bbox 638 1684 760 1765; x_wconf 91' lang='lat' dir='ltr'><strong>dicitur,</strong></span> <span class='ocrx_word' id='word_1_109' title='bbox 788 1684 874 1745; x_wconf 85' lang='lat' dir='ltr'><strong>uerbi</strong></span> <span class='ocrx_word' id='word_1_110' title='bbox 902 1683 1040 1746; x_wconf 80' lang='lat' dir='ltr'>claudere</span> <span class='ocrx_word' id='word_1_111' title='bbox 1069 1705 1106 1746; x_wconf 89' lang='lat' dir='ltr'><strong>an</strong></span> <span class='ocrx_word' id='word_1_112' title='bbox 1133 1687 1253 1748; x_wconf 90' lang='lat' dir='ltr'><strong>cludere</strong></span> 
     </span>
     <span class='ocr_line' id='line_1_14' title="bbox 61 1781 1253 1866; baseline 0.003 -24"><span class='ocrx_word' id='word_1_113' title='bbox 61 1790 217 1862; x_wconf 87' lang='lat' dir='ltr'><strong>praestet.</strong></span> <span class='ocrx_word' id='word_1_114' title='bbox 265 1781 328 1843; x_wconf 91' lang='lat' dir='ltr'><strong>Hoc</strong></span> <span class='ocrx_word' id='word_1_115' title='bbox 357 1783 496 1865; x_wconf 91' lang='lat' dir='ltr'><strong>alterum,</strong></span> <span class='ocrx_word' id='word_1_116' title='bbox 525 1801 583 1862; x_wconf 88' lang='lat' dir='ltr'><strong>qua</strong></span> <span class='ocrx_word' id='word_1_117' title='bbox 610 1784 641 1843; x_wconf 91' lang='lat' dir='ltr'><strong>in</strong></span> <span class='ocrx_word' id='word_1_118' title='bbox 664 1801 696 1844; x_wconf 93' lang='lat' dir='ltr'><strong>re</strong></span> <span class='ocrx_word' id='word_1_119' title='bbox 721 1781 914 1861; x_wconf 76' lang='lat' dir='ltr'><strong>Hertzltergio</strong></span> <span class='ocrx_word' id='word_1_120' title='bbox 943 1785 1103 1864; x_wconf 90' lang='lat' dir='ltr'><strong>assentior,</strong></span> <span class='ocrx_word' id='word_1_121' title='bbox 1131 1794 1253 1866; x_wconf 88' lang='lat' dir='ltr'><strong>propter</strong></span> 
     </span>
     <span class='ocr_line' id='line_1_15' title="bbox 64 1874 1254 1963; baseline 0.003 -21"><span class='ocrx_word' id='word_1_122' title='bbox 64 1881 190 1942; x_wconf 85' lang='lat' dir='ltr'><strong>lraudis</strong></span> <span class='ocrx_word' id='word_1_123' title='bbox 215 1880 343 1960; x_wconf 86' lang='lat' dir='ltr'><strong>aliquam</strong></span> <span class='ocrx_word' id='word_1_124' title='bbox 368 1883 613 1960; x_wconf 83' lang='lat' dir='ltr'><strong>significationem</strong></span> <span class='ocrx_word' id='word_1_125' title='bbox 636 1874 688 1962; x_wconf 87' lang='lat' dir='ltr'><strong>(cl.</strong></span> <span class='ocrx_word' id='word_1_126' title='bbox 711 1881 738 1941; x_wconf 96' lang='lat' dir='ltr'><strong>ll</strong></span> <span class='ocrx_word' id='word_1_127' title='bbox 761 1879 814 1963; x_wconf 75' lang='grc'><strong>21,</strong></span> <span class='ocrx_word' id='word_1_128' title='bbox 841 1874 895 1959; x_wconf 85' lang='grc'><strong>13)</strong></span> <span class='ocrx_word' id='word_1_129' title='bbox 925 1879 1074 1963; x_wconf 86' lang='lat' dir='ltr'><strong>displicet;</strong></span> <span class='ocrx_word' id='word_1_130' title='bbox 1102 1902 1169 1944; x_wconf 93' lang='lat' dir='ltr'><strong>nam</strong></span> <span class='ocrx_word' id='word_1_131' title='bbox 1194 1904 1254 1945; x_wconf 91' lang='lat' dir='ltr'><strong>non</strong></span> 
     </span>
     <span class='ocr_line' id='line_1_16' title="bbox 65 1979 1254 2062; baseline 0.003 -23"><span class='ocrx_word' id='word_1_132' title='bbox 65 1980 249 2042; x_wconf 87' lang='lat' dir='ltr'><strong>ludificatur</strong></span> <span class='ocrx_word' id='word_1_133' title='bbox 277 1979 466 2060; x_wconf 69' lang='lat' dir='ltr'><strong>Propertium</strong></span> <span class='ocrx_word' id='word_1_134' title='bbox 490 1979 623 2062; x_wconf 82' lang='lat' dir='ltr'><strong>Cynthia,</strong></span> <span class='ocrx_word' id='word_1_135' title='bbox 646 1979 697 2040; x_wconf 91' lang='lat' dir='ltr'><strong>sed</strong></span> <span class='ocrx_word' id='word_1_136' title='bbox 722 1986 880 2060; x_wconf 81' lang='lat' dir='ltr'><strong>postquam</strong></span> <span class='ocrx_word' id='word_1_137' title='bbox 898 1981 1056 2060; x_wconf 75' lang='lat' dir='ltr'><strong>increpuit,</strong></span> <span class='ocrx_word' id='word_1_138' title='bbox 1080 1999 1147 2041; x_wconf 90' lang='lat' dir='ltr'><strong>eum</strong></span> <span class='ocrx_word' id='word_1_139' title='bbox 1167 1985 1254 2044; x_wconf 88' lang='lat' dir='ltr'><strong>reicit</strong></span> 
     </span>
     <span class='ocr_line' id='line_1_17' title="bbox 69 2071 1252 2159; baseline 0.003 -21"><span class='ocrx_word' id='word_1_140' title='bbox 69 2073 143 2159; x_wconf 91' lang='lat' dir='ltr'><strong>(uu.</strong></span> <span class='ocrx_word' id='word_1_141' title='bbox 174 2073 217 2137; x_wconf 83' lang='lat'><strong>39</strong></span> <span class='ocrx_word' id='word_1_142' title='bbox 242 2086 273 2138; x_wconf 90' lang='lat' dir='ltr'><strong>et</strong></span> <span class='ocrx_word' id='word_1_143' title='bbox 295 2072 362 2158; x_wconf 88' lang='grc'>40).</span> <span class='ocrx_word' id='word_1_144' title='bbox 417 2077 523 2158; x_wconf 81' lang='lat' dir='ltr'><strong>Aptius</strong></span> <span class='ocrx_word' id='word_1_145' title='bbox 554 2081 658 2158; x_wconf 84' lang='lat' dir='ltr'><strong>igitur,</strong></span> <span class='ocrx_word' id='word_1_146' title='bbox 691 2095 870 2157; x_wconf 90' lang='lat' dir='ltr'><strong>quamquam</strong></span> <span class='ocrx_word' id='word_1_147' title='bbox 902 2071 1111 2138; x_wconf 86' lang='lat' dir='ltr'><strong>Lachmannus</strong></span> <span class='ocrx_word' id='word_1_148' title='bbox 1144 2079 1252 2159; x_wconf 88' lang='lat' dir='ltr'><strong>aliique</strong></span> 
     </span>
     <span class='ocr_line' id='line_1_18' title="bbox 70 2173 1252 2259; baseline 0.001 -21"><span class='ocrx_word' id='word_1_149' title='bbox 70 2178 291 2259; x_wconf 88' lang='lat' dir='ltr'><strong>obloquuntur,</strong></span> <span class='ocrx_word' id='word_1_150' title='bbox 315 2176 491 2238; x_wconf 77' lang='lat' dir='ltr'><strong>excludendi</strong></span> <span class='ocrx_word' id='word_1_151' title='bbox 515 2177 640 2238; x_wconf 92' lang='lat' dir='ltr'><strong>uerbum</strong></span> <span class='ocrx_word' id='word_1_152' title='bbox 662 2175 734 2235; x_wconf 90' lang='lat' dir='ltr'><strong>mihi</strong></span> <span class='ocrx_word' id='word_1_153' title='bbox 752 2175 881 2253; x_wconf 89' lang='lat' dir='ltr'><strong>uidetur,</strong></span> <span class='ocrx_word' id='word_1_154' title='bbox 906 2173 985 2252; x_wconf 90' lang='lat' dir='ltr'><strong>quod</strong></span> <span class='ocrx_word' id='word_1_155' title='bbox 1006 2177 1093 2235; x_wconf 87' lang='lat' dir='ltr'><strong>etiam</strong></span> <span class='ocrx_word' id='word_1_156' title='bbox 1111 2175 1252 2239; x_wconf 87' lang='lat' dir='ltr'><strong>Heinsius</strong></span> 
     </span>
     <span class='ocr_line' id='line_1_19' title="bbox 72 2267 1251 2356; baseline 0.001 -19"><span class='ocrx_word' id='word_1_157' title='bbox 72 2285 107 2338; x_wconf 91' lang='lat' dir='ltr'><strong>et</strong></span> <span class='ocrx_word' id='word_1_158' title='bbox 132 2276 203 2337; x_wconf 92' lang='lat' dir='ltr'><strong>Luc.</strong></span> <span class='ocrx_word' id='word_1_159' title='bbox 228 2275 388 2336; x_wconf 86' lang='lat' dir='ltr'><strong>Muellerus</strong></span> <span class='ocrx_word' id='word_1_160' title='bbox 411 2274 551 2356; x_wconf 89' lang='lat' dir='ltr'><strong>probant;</strong></span> <span class='ocrx_word' id='word_1_161' title='bbox 580 2273 777 2334; x_wconf 89' lang='lat' dir='ltr'><strong>Baehrensius</strong></span> <span class='ocrx_word' id='word_1_162' title='bbox 801 2273 932 2352; x_wconf 81' lang='lat' dir='ltr'><strong>praefert</strong></span> <span class='ocrx_word' id='word_1_163' title='bbox 956 2267 1143 2356; x_wconf 72' lang='lat' dir='ltr'><strong>‘secludere&#39;,</strong></span> <span class='ocrx_word' id='word_1_164' title='bbox 1172 2278 1251 2355; x_wconf 90' lang='lat' dir='ltr'><strong>quod</strong></span> 
     </span>
     <span class='ocr_line' id='line_1_20' title="bbox 73 2368 1250 2456; baseline 0.001 -20"><span class='ocrx_word' id='word_1_165' title='bbox 73 2394 151 2436; x_wconf 89' lang='lat' dir='ltr'><strong>num</strong></span> <span class='ocrx_word' id='word_1_166' title='bbox 178 2375 233 2435; x_wconf 87' lang='lat' dir='ltr'><strong>hac</strong></span> <span class='ocrx_word' id='word_1_167' title='bbox 257 2377 287 2435; x_wconf 91' lang='lat' dir='ltr'><strong>ui</strong></span> <span class='ocrx_word' id='word_1_168' title='bbox 314 2381 490 2456; x_wconf 81' lang='lat' dir='ltr'><strong>usurpetur,</strong></span> <span class='ocrx_word' id='word_1_169' title='bbox 517 2373 641 2434; x_wconf 92' lang='lat' dir='ltr'><strong>dubium</strong></span> <span class='ocrx_word' id='word_1_170' title='bbox 668 2371 740 2432; x_wconf 92' lang='lat' dir='ltr'><strong>mihi</strong></span> <span class='ocrx_word' id='word_1_171' title='bbox 769 2379 822 2432; x_wconf 86' lang='lat' dir='ltr'><strong>est</strong></span> <span class='ocrx_word' id='word_1_172' title='bbox 850 2402 893 2412; x_wconf 94' lang='lat'>-</span> <span class='ocrx_word' id='word_1_173' title='bbox 921 2368 1079 2433; x_wconf 87' lang='lat' dir='ltr'><strong>Videamus</strong></span> <span class='ocrx_word' id='word_1_174' title='bbox 1106 2392 1187 2436; x_wconf 91' lang='lat' dir='ltr'><strong>nunc</strong></span> <span class='ocrx_word' id='word_1_175' title='bbox 1214 2377 1250 2437; x_wconf 91' lang='lat' dir='ltr'><strong>de</strong></span> 
     </span>
     <span class='ocr_line' id='line_1_21' title="bbox 75 2467 1250 2554; baseline 0.002 -21"><span class='ocrx_word' id='word_1_176' title='bbox 75 2473 192 2552; x_wconf 89' lang='lat' dir='ltr'><strong>reliqua</strong></span> <span class='ocrx_word' id='word_1_177' title='bbox 216 2475 372 2552; x_wconf 88' lang='lat' dir='ltr'><strong>scriptura.</strong></span> <span class='ocrx_word' id='word_1_178' title='bbox 419 2467 558 2554; x_wconf 74' lang='lat' dir='ltr'><strong>‘Custos’,</strong></span> <span class='ocrx_word' id='word_1_179' title='bbox 587 2471 666 2551; x_wconf 90' lang='lat' dir='ltr'><strong>quod</strong></span> <span class='ocrx_word' id='word_1_180' title='bbox 690 2470 739 2531; x_wconf 87' lang='lat' dir='ltr'><strong>DV</strong></span> <span class='ocrx_word' id='word_1_181' title='bbox 761 2470 933 2551; x_wconf 89' lang='lat' dir='ltr'><strong>perhibent,</strong></span> <span class='ocrx_word' id='word_1_182' title='bbox 961 2468 1173 2551; x_wconf 83' lang='lat' dir='ltr'><strong>Hertzbergius</strong></span> <span class='ocrx_word' id='word_1_183' title='bbox 1201 2474 1250 2535; x_wconf 92' lang='lat' dir='ltr'><strong>de-</strong></span> 
     </span>
     <span class='ocr_line' id='line_1_22' title="bbox 77 2564 1251 2655; baseline 0 -23"><span class='ocrx_word' id='word_1_184' title='bbox 77 2572 174 2632; x_wconf 81' lang='lat' dir='ltr'><strong>fendit</strong></span> <span class='ocrx_word' id='word_1_185' title='bbox 196 2572 241 2632; x_wconf 92' lang='lat' dir='ltr'><strong>his</strong></span> <span class='ocrx_word' id='word_1_186' title='bbox 265 2590 338 2632; x_wconf 91' lang='lat' dir='ltr'><strong>usus</strong></span> <span class='ocrx_word' id='word_1_187' title='bbox 362 2572 476 2634; x_wconf 88' lang='lat' dir='ltr'><strong>uerbis:</strong></span> <span class='ocrx_word' id='word_1_188' title='bbox 501 2567 620 2633; x_wconf 75' lang='lat' dir='ltr'><strong>‘Custos</strong></span> <span class='ocrx_word' id='word_1_189' title='bbox 634 2572 714 2632; x_wconf 91' lang='lat' dir='ltr'><strong>euim</strong></span> <span class='ocrx_word' id='word_1_190' title='bbox 728 2578 810 2631; x_wconf 88' lang='lat' dir='ltr'><strong>recte</strong></span> <span class='ocrx_word' id='word_1_191' title='bbox 825 2568 994 2649; x_wconf 88' lang='lat' dir='ltr'><strong>speculator</strong></span> <span class='ocrx_word' id='word_1_192' title='bbox 1008 2571 1118 2630; x_wconf 90' lang='lat' dir='ltr'><strong>amicae</strong></span> <span class='ocrx_word' id='word_1_193' title='bbox 1134 2564 1176 2653; x_wconf 92' lang='lat' dir='ltr'><strong>(u.</strong></span> <span class='ocrx_word' id='word_1_194' title='bbox 1192 2568 1251 2655; x_wconf 88' lang='grc'><strong>31)</strong></span> 
     </span>
     <span class='ocr_line' id='line_1_23' title="bbox 80 2669 1251 2754; baseline 0 -24"><span class='ocrx_word' id='word_1_195' title='bbox 80 2671 203 2751; x_wconf 88' lang='lat' dir='ltr'><strong>dicitur,</strong></span> <span class='ocrx_word' id='word_1_196' title='bbox 232 2672 283 2750; x_wconf 89' lang='lat' dir='ltr'><strong>qui</strong></span> <span class='ocrx_word' id='word_1_197' title='bbox 307 2689 405 2732; x_wconf 89' lang='lat' dir='ltr'><strong>mores</strong></span> <span class='ocrx_word' id='word_1_198' title='bbox 434 2673 499 2732; x_wconf 89' lang='lat' dir='ltr'><strong>eius</strong></span> <span class='ocrx_word' id='word_1_199' title='bbox 527 2679 629 2732; x_wconf 90' lang='lat' dir='ltr'><strong>seruat</strong></span> <span class='ocrx_word' id='word_1_200' title='bbox 656 2678 686 2730; x_wconf 88' lang='lat' dir='ltr'><strong>et</strong></span> <span class='ocrx_word' id='word_1_201' title='bbox 709 2669 877 2749; x_wconf 90' lang='lat' dir='ltr'><strong>praesentia</strong></span> <span class='ocrx_word' id='word_1_202' title='bbox 901 2686 967 2748; x_wconf 90' lang='lat' dir='ltr'><strong>sua,</strong></span> <span class='ocrx_word' id='word_1_203' title='bbox 999 2685 1037 2728; x_wconf 90' lang='lat' dir='ltr'><strong>ne</strong></span> <span class='ocrx_word' id='word_1_204' title='bbox 1060 2678 1166 2748; x_wconf 89' lang='lat' dir='ltr'><strong>peccet</strong></span> <span class='ocrx_word' id='word_1_205' title='bbox 1193 2670 1251 2754; x_wconf 91' lang='lat' dir='ltr'><strong>illa,</strong></span> 
     </span>
    </p>
   </div>
   <div class='ocr_carea' id='block_1_5' title="bbox 80 2765 1250 2851">
    <p class='ocr_par' dir='ltr' id='par_1_5' title="bbox 80 2765 1250 2851">
     <span class='ocr_line' id='line_1_24' title="bbox 80 2765 1250 2851; baseline 0.004 -24"><span class='ocrx_word' id='word_1_206' title='bbox 80 2768 224 2846; x_wconf 86' lang='lat' dir='ltr'><strong>prouidet.</strong></span> <span class='ocrx_word' id='word_1_207' title='bbox 261 2769 362 2829; x_wconf 88' lang='lat' dir='ltr'><strong>Talem</strong></span> <span class='ocrx_word' id='word_1_208' title='bbox 382 2769 536 2830; x_wconf 86' lang='lat' dir='ltr'><strong>custodem</strong></span> <span class='ocrx_word' id='word_1_209' title='bbox 559 2771 623 2848; x_wconf 91' lang='lat' dir='ltr'><strong>ipse</strong></span> <span class='ocrx_word' id='word_1_210' title='bbox 647 2785 679 2827; x_wconf 91' lang='lat' dir='ltr'><strong>se</strong></span> <span class='ocrx_word' id='word_1_211' title='bbox 703 2776 791 2846; x_wconf 91' lang='lat' dir='ltr'><strong>poeta</strong></span> <span class='ocrx_word' id='word_1_212' title='bbox 814 2773 917 2845; x_wconf 89' lang='lat' dir='ltr'><strong>aperte</strong></span> <span class='ocrx_word' id='word_1_213' title='bbox 941 2767 1087 2844; x_wconf 83' lang='lat' dir='ltr'><strong>significat</strong></span> <span class='ocrx_word' id='word_1_214' title='bbox 1107 2765 1250 2851; x_wconf 86' lang='lat'><strong>111,15:</strong></span> 
     </span>
    </p>
   </div>
   <div class='ocr_carea' id='block_1_6' title="bbox 289 2897 904 2976">
    <p class='ocr_par' dir='ltr' id='par_1_6' title="bbox 289 2897 904 2976">
     <span class='ocr_line' id='line_1_25' title="bbox 289 2897 904 2976; baseline 0.002 -19"><span class='ocrx_word' id='word_1_215' title='bbox 289 2901 326 2963; x_wconf 91' lang='lat' dir='ltr'><strong>Vt</strong></span> <span class='ocrx_word' id='word_1_216' title='bbox 349 2902 425 2962; x_wconf 90' lang='lat' dir='ltr'><strong>solet</strong></span> <span class='ocrx_word' id='word_1_217' title='bbox 447 2910 544 2960; x_wconf 87' lang='lat' dir='ltr'><strong>amoto</strong></span> <span class='ocrx_word' id='word_1_218' title='bbox 569 2899 626 2958; x_wconf 90' lang='lat' dir='ltr'><strong>labi</strong></span> <span class='ocrx_word' id='word_1_219' title='bbox 651 2898 775 2958; x_wconf 91' lang='lat' dir='ltr'><strong>custode</strong></span> <span class='ocrx_word' id='word_1_220' title='bbox 798 2897 904 2976; x_wconf 90' lang='lat' dir='ltr'><strong>puella.</strong></span> 
     </span>
    </p>
   </div>
   <div class='ocr_carea' id='block_1_7' title="bbox 47 3031 1248 3703">
    <p class='ocr_par' dir='ltr' id='par_1_7' title="bbox 47 3031 1248 3703">
     <span class='ocr_line' id='line_1_26' title="bbox 47 3031 1248 3118; baseline -0.003 -18"><span class='ocrx_word' id='word_1_221' title='bbox 47 3077 50 3084; x_wconf 87' lang='lat'>·</span> <span class='ocrx_word' id='word_1_222' title='bbox 83 3042 191 3100; x_wconf 90' lang='lat' dir='ltr'><strong>Vereor</strong></span> <span class='ocrx_word' id='word_1_223' title='bbox 213 3047 324 3117; x_wconf 88' lang='lat' dir='ltr'><strong>tamen,</strong></span> <span class='ocrx_word' id='word_1_224' title='bbox 348 3054 384 3095; x_wconf 90' lang='lat' dir='ltr'><strong>ne</strong></span> <span class='ocrx_word' id='word_1_225' title='bbox 407 3034 614 3094; x_wconf 90' lang='lat' dir='ltr'><strong>Lachmannus</strong></span> <span class='ocrx_word' id='word_1_226' title='bbox 637 3033 749 3093; x_wconf 91' lang='lat' dir='ltr'><strong>rectius</strong></span> <span class='ocrx_word' id='word_1_227' title='bbox 773 3031 898 3111; x_wconf 86' lang='lat' dir='ltr'><strong>iudicet,</strong></span> <span class='ocrx_word' id='word_1_228' title='bbox 927 3048 996 3091; x_wconf 89' lang='lat' dir='ltr'><strong>cum</strong></span> <span class='ocrx_word' id='word_1_229' title='bbox 1021 3033 1248 3118; x_wconf 87' lang='lat' dir='ltr'><strong>speculatorem,</strong></span> 
     </span>
     <span class='ocr_line' id='line_1_27' title="bbox 86 3128 1248 3218; baseline -0.003 -20"><span class='ocrx_word' id='word_1_230' title='bbox 86 3140 138 3218; x_wconf 82' lang='lat' dir='ltr'><strong>qui</strong></span> <span class='ocrx_word' id='word_1_231' title='bbox 163 3134 308 3216; x_wconf 88' lang='lat' dir='ltr'><strong>spectandi</strong></span> <span class='ocrx_word' id='word_1_232' title='bbox 336 3150 423 3193; x_wconf 84' lang='lat' dir='ltr'><strong>causa</strong></span> <span class='ocrx_word' id='word_1_233' title='bbox 452 3138 567 3213; x_wconf 86' lang='lat' dir='ltr'><strong>tantum</strong></span> <span class='ocrx_word' id='word_1_234' title='bbox 596 3131 709 3210; x_wconf 88' lang='lat' dir='ltr'><strong>ueniat,</strong></span> <span class='ocrx_word' id='word_1_235' title='bbox 742 3130 852 3189; x_wconf 83' lang='lat' dir='ltr'><strong>amoris</strong></span> <span class='ocrx_word' id='word_1_236' title='bbox 882 3128 1037 3190; x_wconf 86' lang='lat' dir='ltr'><strong>custodem</strong></span> <span class='ocrx_word' id='word_1_237' title='bbox 1069 3131 1128 3192; x_wconf 92' lang='lat' dir='ltr'><strong>dici</strong></span> <span class='ocrx_word' id='word_1_238' title='bbox 1159 3152 1248 3212; x_wconf 88' lang='lat' dir='ltr'><strong>posse</strong></span> 
     </span>
     <span class='ocr_line' id='line_1_28' title="bbox 87 3227 1247 3314; baseline -0.003 -18"><span class='ocrx_word' id='word_1_239' title='bbox 87 3243 183 3314; x_wconf 71' lang='lat' dir='ltr'><strong>neget,</strong></span> <span class='ocrx_word' id='word_1_240' title='bbox 204 3241 287 3311; x_wconf 89' lang='lat' dir='ltr'><strong>atque</strong></span> <span class='ocrx_word' id='word_1_241' title='bbox 307 3249 342 3290; x_wconf 88' lang='lat' dir='ltr'><strong>eo</strong></span> <span class='ocrx_word' id='word_1_242' title='bbox 367 3231 464 3290; x_wconf 90' lang='lat' dir='ltr'><strong>minus</strong></span> <span class='ocrx_word' id='word_1_243' title='bbox 483 3247 549 3290; x_wconf 87' lang='lat' dir='ltr'><strong>meo</strong></span> <span class='ocrx_word' id='word_1_244' title='bbox 569 3227 690 3307; x_wconf 89' lang='lat' dir='ltr'><strong>quidem</strong></span> <span class='ocrx_word' id='word_1_245' title='bbox 708 3227 818 3288; x_wconf 92' lang='lat' dir='ltr'><strong>iudicio</strong></span> <span class='ocrx_word' id='word_1_246' title='bbox 837 3227 1012 3308; x_wconf 89' lang='lat' dir='ltr'><strong>Propertius</strong></span> <span class='ocrx_word' id='word_1_247' title='bbox 1036 3230 1076 3289; x_wconf 87' lang='lat' dir='ltr'><strong>ita</strong></span> <span class='ocrx_word' id='word_1_248' title='bbox 1100 3231 1247 3310; x_wconf 91' lang='lat' dir='ltr'><strong>appellare</strong></span> 
     </span>
     <span class='ocr_line' id='line_1_29' title="bbox 88 3325 1247 3411; baseline -0.003 -17"><span class='ocrx_word' id='word_1_249' title='bbox 88 3354 121 3395; x_wconf 89' lang='lat' dir='ltr'><strong>se</strong></span> <span class='ocrx_word' id='word_1_250' title='bbox 142 3338 259 3411; x_wconf 85' lang='lat' dir='ltr'><strong>poterat,</strong></span> <span class='ocrx_word' id='word_1_251' title='bbox 287 3327 367 3408; x_wconf 88' lang='lat' dir='ltr'><strong>quod</strong></span> <span class='ocrx_word' id='word_1_252' title='bbox 394 3330 495 3388; x_wconf 90' lang='lat' dir='ltr'><strong>nescio</strong></span> <span class='ocrx_word' id='word_1_253' title='bbox 524 3345 580 3406; x_wconf 90' lang='lat' dir='ltr'><strong>qua</strong></span> <span class='ocrx_word' id='word_1_254' title='bbox 609 3325 646 3386; x_wconf 97' lang='grc'><strong>(16</strong></span> <span class='ocrx_word' id='word_1_255' title='bbox 674 3343 763 3387; x_wconf 86' lang='lat' dir='ltr'><strong>causa</strong></span> <span class='ocrx_word' id='word_1_256' title='bbox 791 3328 961 3405; x_wconf 81' lang='lat' dir='ltr'><strong>suspicione</strong></span> <span class='ocrx_word' id='word_1_257' title='bbox 991 3326 1028 3387; x_wconf 91' lang='lat' dir='ltr'><strong>de</strong></span> <span class='ocrx_word' id='word_1_258' title='bbox 1051 3329 1166 3407; x_wconf 92' lang='lat' dir='ltr'><strong>puellae</strong></span> <span class='ocrx_word' id='word_1_259' title='bbox 1190 3330 1247 3392; x_wconf 89' lang='lat' dir='ltr'><strong>lide</strong></span> 
     </span>
     <span class='ocr_line' id='line_1_30' title="bbox 90 3424 1247 3517; baseline -0.003 -25"><span class='ocrx_word' id='word_1_260' title='bbox 90 3436 222 3508; x_wconf 84' lang='lat' dir='ltr'><strong>concepta</strong></span> <span class='ocrx_word' id='word_1_261' title='bbox 243 3427 313 3488; x_wconf 90' lang='lat' dir='ltr'><strong>alias</strong></span> <span class='ocrx_word' id='word_1_262' title='bbox 337 3428 416 3488; x_wconf 83' lang='lat' dir='ltr'><strong>iores</strong></span> <span class='ocrx_word' id='word_1_263' title='bbox 440 3425 610 3506; x_wconf 77' lang='lat' dir='ltr'><strong>quaerebat,</strong></span> <span class='ocrx_word' id='word_1_264' title='bbox 630 3427 690 3486; x_wconf 90' lang='lat' dir='ltr'><strong>etsi</strong></span> <span class='ocrx_word' id='word_1_265' title='bbox 710 3427 862 3505; x_wconf 85' lang='lat' dir='ltr'><strong>expectari</strong></span> <span class='ocrx_word' id='word_1_266' title='bbox 880 3443 913 3486; x_wconf 90' lang='lat' dir='ltr'><strong>se</strong></span> <span class='ocrx_word' id='word_1_267' title='bbox 931 3424 967 3485; x_wconf 92' lang='lat' dir='ltr'><strong>ab</strong></span> <span class='ocrx_word' id='word_1_268' title='bbox 986 3425 1034 3486; x_wconf 92' lang='lat' dir='ltr'><strong>illa</strong></span> <span class='ocrx_word' id='word_1_269' title='bbox 1053 3445 1114 3517; x_wconf 86' lang='lat' dir='ltr'><strong>non</strong></span> <span class='ocrx_word' id='word_1_270' title='bbox 1132 3430 1247 3506; x_wconf 85' lang='lat' dir='ltr'><strong>ignora·</strong></span> 
     </span>
     <span class='ocr_line' id='line_1_31' title="bbox 90 3519 1248 3608; baseline -0.001 -19"><span class='ocrx_word' id='word_1_271' title='bbox 90 3531 139 3590; x_wconf 91' lang='lat' dir='ltr'><strong>bat</strong></span> <span class='ocrx_word' id='word_1_272' title='bbox 160 3520 217 3607; x_wconf 84' lang='lat' dir='ltr'><strong>(uu.</strong></span> <span class='ocrx_word' id='word_1_273' title='bbox 242 3523 280 3587; x_wconf 81' lang='lat'><strong>13</strong></span> <span class='ocrx_word' id='word_1_274' title='bbox 305 3534 334 3586; x_wconf 88' lang='lat' dir='ltr'><strong>ct</strong></span> <span class='ocrx_word' id='word_1_275' title='bbox 359 3519 423 3608; x_wconf 87' lang='lat'>14).</span> <span class='ocrx_word' id='word_1_276' title='bbox 465 3520 580 3586; x_wconf 84' lang='lat' dir='ltr'><strong>Eodem</strong></span> <span class='ocrx_word' id='word_1_277' title='bbox 600 3532 775 3604; x_wconf 86' lang='lat' dir='ltr'><strong>argumento</strong></span> <span class='ocrx_word' id='word_1_278' title='bbox 800 3522 992 3584; x_wconf 77' lang='lat' dir='ltr'><strong>labefactatur</strong></span> <span class='ocrx_word' id='word_1_279' title='bbox 1016 3534 1046 3585; x_wconf 85' lang='lat' dir='ltr'><strong>et</strong></span> <span class='ocrx_word' id='word_1_280' title='bbox 1067 3524 1248 3588; x_wconf 90' lang='lat' dir='ltr'><strong>Lachmauni</strong></span> 
     </span>
     <span class='ocr_line' id='line_1_32' title="bbox 95 3617 1246 3703; baseline -0.002 -15"><span class='ocrx_word' id='word_1_281' title='bbox 95 3627 246 3688; x_wconf 91' lang='lat' dir='ltr'><strong>coniectura</strong></span> <span class='ocrx_word' id='word_1_282' title='bbox 274 3621 367 3685; x_wconf 73' lang='lat' dir='ltr'><strong>‘culto</strong></span> <span class='ocrx_word' id='word_1_283' title='bbox 396 3617 555 3703; x_wconf 88' lang='lat' dir='ltr'><strong>secludor&#39;,</strong></span> <span class='ocrx_word' id='word_1_284' title='bbox 583 3623 619 3684; x_wconf 92' lang='lat' dir='ltr'><strong>de</strong></span> <span class='ocrx_word' id='word_1_285' title='bbox 648 3624 733 3682; x_wconf 91' lang='lat' dir='ltr'><strong>cuius</strong></span> <span class='ocrx_word' id='word_1_286' title='bbox 761 3623 889 3682; x_wconf 89' lang='lat' dir='ltr'><strong>ueritate</strong></span> <span class='ocrx_word' id='word_1_287' title='bbox 917 3622 991 3682; x_wconf 90' lang='lat' dir='ltr'><strong>nihil</strong></span> <span class='ocrx_word' id='word_1_288' title='bbox 1014 3641 1046 3682; x_wconf 89' lang='lat' dir='ltr'><strong>se</strong></span> <span class='ocrx_word' id='word_1_289' title='bbox 1071 3626 1246 3701; x_wconf 86' lang='lat' dir='ltr'><strong>promittere</strong></span> 
     </span>
    </p>
   </div>
   <div class='ocr_carea' id='block_1_8' title="bbox 95 3714 1350 3805">
    <p class='ocr_par' dir='ltr' id='par_1_8' title="bbox 95 3714 1350 3805">
     <span class='ocr_line' id='line_1_33' title="bbox 95 3714 1350 3805; baseline 0.001 -21"><span class='ocrx_word' id='word_1_290' title='bbox 95 3728 153 3803; x_wconf 88' lang='lat' dir='ltr'><strong>ipse</strong></span> <span class='ocrx_word' id='word_1_291' title='bbox 177 3725 223 3805; x_wconf 88' lang='lat' dir='ltr'><strong>ait,</strong></span> <span class='ocrx_word' id='word_1_292' title='bbox 251 3733 280 3784; x_wconf 88' lang='lat' dir='ltr'><strong>et</strong></span> <span class='ocrx_word' id='word_1_293' title='bbox 307 3723 491 3803; x_wconf 89' lang='lat' dir='ltr'><strong>Baehrensii,</strong></span> <span class='ocrx_word' id='word_1_294' title='bbox 524 3740 600 3800; x_wconf 84' lang='lat' dir='ltr'><strong>quae</strong></span> <span class='ocrx_word' id='word_1_295' title='bbox 628 3729 674 3782; x_wconf 87' lang='lat' dir='ltr'><strong>est</strong></span> <span class='ocrx_word' id='word_1_296' title='bbox 701 3715 811 3782; x_wconf 78' lang='lat' dir='ltr'><strong>‘cultor</strong></span> <span class='ocrx_word' id='word_1_297' title='bbox 843 3714 1029 3801; x_wconf 85' lang='lat' dir='ltr'><strong>secludor&#39;.¹)</strong></span> <span class='ocrx_word' id='word_1_298' title='bbox 1075 3719 1177 3799; x_wconf 85' lang='lat' dir='ltr'><strong>ltaque</strong></span> <span class='ocrx_word' id='word_1_299' title='bbox 1210 3724 1247 3783; x_wconf 91' lang='lat' dir='ltr'><strong>ad</strong></span> <span class='ocrx_word' id='word_1_300' title='bbox 1293 3781 1298 3785; x_wconf 83' lang='lat'><em>.</em></span> <span class='ocrx_word' id='word_1_301' title='bbox 1339 3728 1350 3754; x_wconf 91' lang='lat'><strong><em>‘</em></strong></span> 
     </span>
    </p>
   </div>
   <div class='ocr_carea' id='block_1_9' title="bbox 94 3819 1247 4306">
    <p class='ocr_par' dir='ltr' id='par_1_9' title="bbox 94 3819 1247 4306">
     <span class='ocr_line' id='line_1_34' title="bbox 94 3819 1247 3901; baseline 0 -19"><span class='ocrx_word' id='word_1_302' title='bbox 94 3822 204 3894; x_wconf 84' lang='lat' dir='ltr'><strong>alteram</strong></span> <span class='ocrx_word' id='word_1_303' title='bbox 224 3823 344 3901; x_wconf 89' lang='lat' dir='ltr'><strong>stirpem</strong></span> <span class='ocrx_word' id='word_1_304' title='bbox 364 3820 449 3881; x_wconf 91' lang='lat' dir='ltr'><strong>nobis</strong></span> <span class='ocrx_word' id='word_1_305' title='bbox 469 3819 697 3900; x_wconf 83' lang='lat' dir='ltr'><strong>confugiendum</strong></span> <span class='ocrx_word' id='word_1_306' title='bbox 718 3827 773 3900; x_wconf 90' lang='lat' dir='ltr'><strong>est,</strong></span> <span class='ocrx_word' id='word_1_307' title='bbox 796 3837 867 3880; x_wconf 88' lang='lat' dir='ltr'><strong>num</strong></span> <span class='ocrx_word' id='word_1_308' title='bbox 886 3820 955 3879; x_wconf 91' lang='lat' dir='ltr'><strong>inde</strong></span> <span class='ocrx_word' id='word_1_309' title='bbox 974 3819 1099 3881; x_wconf 82' lang='lat' dir='ltr'><strong>sortasse</strong></span> <span class='ocrx_word' id='word_1_310' title='bbox 1120 3820 1247 3882; x_wconf 88' lang='lat' dir='ltr'><strong>salutem</strong></span> 
     </span>
     <span class='ocr_line' id='line_1_35' title="bbox 100 3916 1246 4000; baseline 0.001 -20"><span class='ocrx_word' id='word_1_311' title='bbox 100 3929 187 4000; x_wconf 85' lang='lat' dir='ltr'><strong>petere</strong></span> <span class='ocrx_word' id='word_1_312' title='bbox 214 3919 305 3981; x_wconf 90' lang='lat' dir='ltr'><strong>liceat.</strong></span> <span class='ocrx_word' id='word_1_313' title='bbox 358 3920 383 3980; x_wconf 93' lang='lat' dir='ltr'>N</span> <span class='ocrx_word' id='word_1_314' title='bbox 416 3921 511 3980; x_wconf 90' lang='lat' dir='ltr'><strong>secuti</strong></span> <span class='ocrx_word' id='word_1_315' title='bbox 544 3926 681 3979; x_wconf 90' lang='lat' dir='ltr'><strong>ueterum</strong></span> <span class='ocrx_word' id='word_1_316' title='bbox 712 3919 911 3996; x_wconf 88' lang='lat' dir='ltr'><strong>interpretum</strong></span> <span class='ocrx_word' id='word_1_317' title='bbox 943 3916 1078 3978; x_wconf 92' lang='lat' dir='ltr'><strong>nonnulli</strong></span> <span class='ocrx_word' id='word_1_318' title='bbox 1109 3919 1246 3998; x_wconf 85' lang='lat' dir='ltr'><strong>legebant</strong></span> 
     </span>
     <span class='ocr_line' id='line_1_36' title="bbox 102 4014 1245 4096; baseline 0.001 -17"><span class='ocrx_word' id='word_1_319' title='bbox 102 4015 216 4080; x_wconf 79' lang='lat' dir='ltr'><strong>‘custode</strong></span> <span class='ocrx_word' id='word_1_320' title='bbox 241 4014 391 4079; x_wconf 86' lang='lat' dir='ltr'><strong>excludor&#39;</strong></span> <span class='ocrx_word' id='word_1_321' title='bbox 419 4018 558 4079; x_wconf 83' lang='lat' dir='ltr'><strong>Amorem</strong></span> <span class='ocrx_word' id='word_1_322' title='bbox 585 4016 805 4096; x_wconf 83' lang='lat' dir='ltr'><strong>intellegentes,</strong></span> <span class='ocrx_word' id='word_1_323' title='bbox 838 4014 889 4094; x_wconf 88' lang='lat' dir='ltr'><strong>qu&#39;i</strong></span> <span class='ocrx_word' id='word_1_324' title='bbox 920 4016 961 4075; x_wconf 92' lang='lat' dir='ltr'><strong>ita</strong></span> <span class='ocrx_word' id='word_1_325' title='bbox 988 4014 1177 4095; x_wconf 91' lang='lat' dir='ltr'><strong>Propertium</strong></span> <span class='ocrx_word' id='word_1_326' title='bbox 1210 4020 1245 4080; x_wconf 85' lang='lat' dir='ltr'><strong>ad</strong></span> 
     </span>
     <span class='ocr_line' id='line_1_37' title="bbox 104 4114 1245 4199; baseline 0.002 -22"><span class='ocrx_word' id='word_1_327' title='bbox 104 4117 232 4197; x_wconf 75' lang='lat' dir='ltr'><strong>Cynthiam</strong></span> <span class='ocrx_word' id='word_1_328' title='bbox 258 4118 439 4198; x_wconf 87' lang='lat' dir='ltr'><strong>reduxisset,</strong></span> <span class='ocrx_word' id='word_1_329' title='bbox 466 4124 500 4177; x_wconf 90' lang='lat' dir='ltr'><strong>ut</strong></span> <span class='ocrx_word' id='word_1_330' title='bbox 528 4116 637 4176; x_wconf 92' lang='lat' dir='ltr'><strong>nullam</strong></span> <span class='ocrx_word' id='word_1_331' title='bbox 666 4135 701 4176; x_wconf 87' lang='lat' dir='ltr'><strong>ex</strong></span> <span class='ocrx_word' id='word_1_332' title='bbox 728 4116 779 4176; x_wconf 95' lang='lat' dir='ltr'><strong>illo</strong></span> <span class='ocrx_word' id='word_1_333' title='bbox 808 4121 926 4175; x_wconf 91' lang='lat' dir='ltr'><strong>noctem</strong></span> <span class='ocrx_word' id='word_1_334' title='bbox 958 4114 1074 4176; x_wconf 82' lang='lat' dir='ltr'><strong>felicem</strong></span> <span class='ocrx_word' id='word_1_335' title='bbox 1107 4115 1245 4199; x_wconf 82' lang='lat' dir='ltr'><strong>haberet3</strong></span> 
     </span>
     <span class='ocr_line' id='line_1_38' title="bbox 106 4214 1245 4306; baseline 0 -30"><span class='ocrx_word' id='word_1_336' title='bbox 106 4235 167 4296; x_wconf 71' lang='lat' dir='ltr'><strong>quiae</strong></span> <span class='ocrx_word' id='word_1_337' title='bbox 187 4218 321 4277; x_wconf 90' lang='lat' dir='ltr'><strong>sententia</strong></span> <span class='ocrx_word' id='word_1_338' title='bbox 344 4215 492 4306; x_wconf 83' lang='lat' dir='ltr'><strong>quomodo</strong></span> <span class='ocrx_word' id='word_1_339' title='bbox 511 4217 542 4274; x_wconf 94' lang='lat' dir='ltr'><strong>in</strong></span> <span class='ocrx_word' id='word_1_340' title='bbox 566 4215 621 4275; x_wconf 92' lang='lat' dir='ltr'><strong>hoc</strong></span> <span class='ocrx_word' id='word_1_341' title='bbox 641 4234 669 4275; x_wconf 85' lang='lat' dir='ltr'><strong>u.</strong></span> <span class='ocrx_word' id='word_1_342' title='bbox 688 4216 786 4274; x_wconf 90' lang='lat' dir='ltr'><strong>inesse</strong></span> <span class='ocrx_word' id='word_1_343' title='bbox 805 4214 909 4293; x_wconf 90' lang='lat' dir='ltr'><strong>possit,</strong></span> <span class='ocrx_word' id='word_1_344' title='bbox 932 4230 1036 4292; x_wconf 87' lang='lat' dir='ltr'><strong>parurn</strong></span> <span class='ocrx_word' id='word_1_345' title='bbox 1055 4222 1145 4294; x_wconf 88' lang='lat' dir='ltr'><strong>patet.</strong></span> <span class='ocrx_word' id='word_1_346' title='bbox 1188 4215 1245 4276; x_wconf 81' lang='lat' dir='ltr'><strong>Alii</strong></span> 
     </span>
    </p>
   </div>
   <div class='ocr_carea' id='block_1_10' title="bbox 109 4378 1330 4558">
    <p class='ocr_par' dir='ltr' id='par_1_10' title="bbox 109 4378 1330 4558">
     <span class='ocr_line' id='line_1_39' title="bbox 167 4378 1330 4475; baseline -0.001 -15"><span class='ocrx_word' id='word_1_347' title='bbox 167 4407 187 4475; x_wconf 83' lang='grc'><strong>1)</strong></span> <span class='ocrx_word' id='word_1_348' title='bbox 203 4405 382 4460; x_wconf 86' lang='lat' dir='ltr'><strong>Kindacherua</strong></span> <span class='ocrx_word' id='word_1_349' title='bbox 406 4405 488 4474; x_wconf 85' lang='lat' dir='ltr'><strong>(Mus.</strong></span> <span class='ocrx_word' id='word_1_350' title='bbox 512 4405 563 4458; x_wconf 85' lang='lat' dir='ltr'><strong>Rh.</strong></span> <span class='ocrx_word' id='word_1_351' title='bbox 588 4403 667 4458; x_wconf 90' lang='lat' dir='ltr'>XVII</span> <span class='ocrx_word' id='word_1_352' title='bbox 689 4422 717 4473; x_wconf 91' lang='lat' dir='ltr'><strong>p.</strong></span> <span class='ocrx_word' id='word_1_353' title='bbox 737 4406 801 4473; x_wconf 81' lang='grc'>222)</span> <span class='ocrx_word' id='word_1_354' title='bbox 825 4405 945 4462; x_wconf 82' lang='lat' dir='ltr'><strong>coniecit</strong></span> <span class='ocrx_word' id='word_1_355' title='bbox 975 4406 1070 4475; x_wconf 84' lang='lat' dir='ltr'><strong>‘gustu</strong></span> <span class='ocrx_word' id='word_1_356' title='bbox 1093 4403 1245 4475; x_wconf 89' lang='lat' dir='ltr'><strong>secludor&#39;,</strong></span> <span class='ocrx_word' id='word_1_357' title='bbox 1326 4378 1330 4389; x_wconf 38' lang='grc' dir='ltr'><strong><em>Ι</em></strong></span> 
     </span>
     <span class='ocr_line' id='line_1_40' title="bbox 109 4483 863 4558; baseline 0.007 -20"><span class='ocrx_word' id='word_1_358' title='bbox 109 4485 169 4558; x_wconf 82' lang='lat' dir='ltr'><strong>quud</strong></span> <span class='ocrx_word' id='word_1_359' title='bbox 184 4485 296 4554; x_wconf 86' lang='lat' dir='ltr'><strong>Vngerus</strong></span> <span class='ocrx_word' id='word_1_360' title='bbox 315 4483 380 4540; x_wconf 88' lang='lat' dir='ltr'><strong>Phil</strong></span> <span class='ocrx_word' id='word_1_361' title='bbox 398 4483 417 4540; x_wconf 91' lang='lat' dir='ltr'><strong>l.</strong></span> <span class='ocrx_word' id='word_1_362' title='bbox 436 4483 500 4538; x_wconf 87' lang='lat' dir='ltr'><strong>XIX</strong></span> <span class='ocrx_word' id='word_1_363' title='bbox 519 4503 546 4555; x_wconf 90' lang='lat' dir='ltr'><strong>p.</strong></span> <span class='ocrx_word' id='word_1_364' title='bbox 567 4489 616 4539; x_wconf 85' lang='grc'><strong>321</strong></span> <span class='ocrx_word' id='word_1_365' title='bbox 638 4484 737 4541; x_wconf 77' lang='lat' dir='ltr'><strong>merito</strong></span> <span class='ocrx_word' id='word_1_366' title='bbox 756 4484 863 4543; x_wconf 78' lang='lat' dir='ltr'><strong>reiecit.</strong></span> 
     </span>
    </p>
   </div>
   <div class='ocr_carea' id='block_1_11' title="bbox 0 0 1538 5042">
    <p class='ocr_par' dir='ltr' id='par_1_11' title="bbox 0 0 1538 5042">
     <span class='ocr_line' id='line_1_41' title="bbox 0 0 1538 5042; baseline 0 3"><span class='ocrx_word' id='word_1_367' title='bbox 0 0 1538 5042; x_wconf 95' lang='lat' dir='ltr'><strong> </strong></span> 
     </span>
    </p>
   </div>
  </div>
 </body>
</html>
