3067 5042
57 586 140 628 eum
174 586 262 647 posse
292 585 400 628 censeo
428 565 590 626 uerborum
621 566 860 643 transpositione.
910 561 1145 623 Rescribendum
1177 569 1251 640 puto

58 684 140 724 eum
171 665 242 726 Luc.
266 664 420 726 Muellero:

291 789 356 848 Non
380 789 434 850 tibi
459 789 617 866 quadrigae
640 789 757 866 prosint
781 786 838 845 iata
862 777 1069 864 Amphiareae,

338 888 395 947 Aut
419 886 546 965 Capanei
570 903 675 963 magno
700 893 782 962 grata
805 887 891 945 ruina
914 882 986 944 loui.

60 1011 217 1072 Formam
241 1020 347 1092 autem,
372 1030 447 1091 quae
472 1017 517 1070 est
540 1009 743 1089 Amphiaraus,
766 1009 955 1090 Propertium
975 1007 1179 1067 Alexandrinis
1202 1006 1252 1066 de-

61 1110 165 1189 bere,
190 1109 314 1171 sortasse
338 1109 523 1190 Euphorioni
547 1116 780 1169 consentaneum
803 1117 861 1187 est3
890 1109 926 1167 el.
950 1106 982 1167 L.
1005 1104 1102 1166 Muell.
1127 1113 1156 1164 et
1180 1104 1251 1182 Aug.
1335 1147 1341 1160 .

63 1206 148 1267 Otto
173 1227 201 1288 p.
217 1205 268 1268 41.
305 1207 397 1268 ΜιιΙιο
423 1209 519 1266 minus
543 1205 688 1286 arrident,
716 1205 795 1283 quod
819 1205 954 1284 Vngerus
977 1204 1057 1264 Anal.
1080 1203 1128 1264 Pr.
1152 1223 1180 1281 p.
1195 1200 1253 1263 40:

64 1301 161 1363 ‘Non
186 1307 244 1364 iam
267 1300 427 1364 Pheraeae’
456 1313 486 1364 et
514 1305 592 1383 quod
621 1303 681 1366 Leo
705 1324 732 1383 p.
747 1301 862 1382 436sq.
887 1301 1076 1362 scribendum
1100 1303 1253 1380 proponit:

36 1430 42 1495 '.
66 1398 158 1462 ‘Non
174 1398 329 1484 Oropeae’,
349 1405 416 1481 quia
431 1405 462 1462 in
477 1405 596 1483 nomine
612 1405 732 1485 proprio
748 1401 840 1462 latere
855 1404 961 1461 uitium
976 1403 1027 1461 uix
1042 1399 1183 1460 credibile
1199 1408 1254 1460 est.

67 1543 113 1603 111
144 1541 194 1625 15,
214 1542 247 1606 3:
293 1545 329 1605 Vt
349 1545 421 1605 mibi
439 1553 608 1624 praetextae
628 1543 724 1624 pudor
743 1553 790 1604 est
809 1545 924 1605 uelatus
943 1547 1052 1605 amictu
1071 1562 1133 1621 eqs.

68 1685 126 1746 Sic
159 1695 242 1747 antea
272 1687 361 1768 uulgo
389 1688 551 1766 legebatur.
593 1686 683 1748 Godd.
711 1690 751 1748 ita
779 1687 962 1767 discrepant:
992 1696 1144 1766 praetexta
1171 1685 1254 1765 FDV,

67 1789 227 1864 praetexti
251 1785 283 1844 N.
331 1783 454 1846 Versum
483 1788 522 1846 ita
551 1793 585 1844 ut
612 1787 736 1864 apposui
764 1794 843 1846 stare
871 1804 930 1845 non
960 1804 1046 1864 posse
1070 1788 1127 1845 iam
1151 1784 1253 1844 Hertz·
1337 1819 1340 1823 ²

67 1884 201 1963 bergius
226 1883 308 1944 uidit.
346 1882 419 1942 Male
444 1884 523 1944 enim
547 1891 698 1961 praetexta
717 1885 838 1945 amictui
857 1886 1026 1964 opponitur,
1050 1902 1118 1944 oum
1138 1891 1167 1943 et
1187 1892 1255 1966 toga

68 1982 177 2042 uirilis
202 1990 231 2041 et
255 1988 405 2059 praetexta
430 1983 554 2042 amictus
579 1983 625 2041 sit.
663 1980 878 2060 Reponendum
901 1982 993 2058 igitur
1016 1989 1061 2042 est
1085 1979 1253 2059 eNeapoli-

71 2088 150 2140 tano
166 2074 335 2159 ‘praetexti’
351 2086 380 2139 et
394 2079 433 2158 id,
457 2079 535 2157 quod
550 2077 617 2138 libri
633 2077 681 2136 bv
695 2078 849 2159 praebent,
868 2077 917 2138 FN
930 2078 1071 2159 indiopnt,
1095 2072 1254 2139 ‘amictus’.

72 2177 179 2238 Sanus
204 2185 301 2238 autem
326 2185 359 2237 ut
381 2176 505 2256 prodeat
528 2195 636 2236 uersus
660 2195 675 2235 e
700 2176 888 2237 librariorum
907 2177 1069 2256 erroribus,
1093 2167 1200 2237 neseio
1218 2194 1255 2235 an

73 2294 136 2354 pro
152 2269 302 2355 ‘uelatus',
322 2273 400 2353 quod
416 2274 451 2334 ad
471 2292 593 2334 sensum
606 2291 710 2352 parum
726 2282 827 2353 aptum
842 2283 896 2354 est,
920 2293 988 2334 oum
1003 2274 1116 2351 Guyeto
1136 2268 1254 2335 ‘elatus'

73 2373 130 2432 uel
160 2391 228 2434 eum
256 2371 335 2432 Italis
366 2366 522 2432 sublatus'
552 2371 741 2432 scribendum
770 2375 816 2432 sit.
863 2369 984 2432 Velandi
1012 2374 1092 2431 enim
1120 2370 1255 2452 uerbum,

75 2473 224 2548 quoniam
247 2471 283 2530 de
306 2469 441 2530 uestibus
460 2469 488 2529 b
508 2469 526 2530 l.
545 2471 651 2550 agitur,
671 2469 783 2530 lacile
775 2487 908 2549 irrepere
927 2471 1032 2549 potuit.
1064 2468 1167 2548 ltaque
1188 2487 1256 2529 eum

75 2566 263 2627 Baehrensio
287 2567 444 2647 legendum
467 2574 553 2646 puto:

298 2693 334 2754 Vt
353 2694 424 2754 mihi
443 2696 589 2772 praetexti
608 2695 704 2772 pudor
724 2702 770 2754 est
788 2693 922 2754 sublatus
940 2697 1074 2754 amiotus.
1111 2778 1117 2787 Ι

79 2817 198 2877 Sensus
218 2826 276 2879 est:
296 2827 451 2898 postquam
472 2817 568 2895 pudor
586 2817 718 2895 puerilis,
738 2834 826 2894 quem
846 2826 1018 2895 praetextus
1037 2820 1162 2877 amiotus
1181 2817 1256 2875 lere-

79 2914 143 2997 bot,
166 2924 233 2994 toga
257 2915 337 2977 uirili
361 2923 476 2992 sumpta
501 2914 598 2973 eessit.

175 3013 344 3090 Sequuntur
375 3012 461 3089 pauei
489 3009 559 3088 loci,
592 3008 643 3069 ubi
670 3009 696 3068 N
724 3007 814 3068 tierae
841 3011 977 3071 lectionis
1008 3014 1132 3090 uestigia
1165 3014 1257 3089 magis

82 3112 219 3172 seruauit
243 3126 330 3185 quam
354 3109 447 3167 ceteri
470 3105 546 3166 libri.

54 3234 110 3293 ill
134 3231 187 3313 32,
210 3227 243 3291 5:
299 3231 359 3292 Cur
379 3239 429 3291 aut
448 3239 477 3291 te
497 3229 676 3292 Herculeum
696 3233 853 3312 deportant
872 3235 976 3297 esseda
994 3231 1112 3295 Tibur?

346 3331 438 3407 Appia
462 3347 515 3389 eur
540 3331 649 3391 totiens
674 3339 703 3391 te
727 3334 776 3392 uia
799 3332 882 3393 dueit
904 3331 1002 3411 anus?

86 3456 120 3516 ln
143 3455 167 3515 N
191 3455 299 3534 legitur
327 3450 473 3516 Curuat
461 3449 516 3534 t'3e
544 3456 574 3514 in
603 3451 661 3515 0
664 3474 718 3516 our
746 3453 994 3556 iratemss-sllane
1022 3461 1201 3537 scripturam
1228 3460 1259 3518 in

86 3553 232 3614 Perusino
256 3572 374 3634 quoque
394 3560 542 3614 extantem
560 3553 713 3616 Palmerus
732 3554 864 3616 defendit
882 3563 971 3636 atque
990 3557 1097 3617 hune
1089 3575 1119 3616 m
1139 3555 1259 3618 modum

87 3669 208 3710 uersum
228 3651 367 3732 explieat:
391 3645 526 3732 ‘Cynthia
546 3648 581 3710 ad
601 3653 820 3713 suamdomum
834 3646 1082 3734 Tiburtinam(el
1082 3652 1143 3712 lll
1160 3649 1208 3726 16,
1223 3645 1268 3731 2)

88 3756 185 3808 uatem
204 3768 389 3829 praesagum,
408 3766 497 3810 anum
516 3747 663 3809 fatidicam
684 3749 833 3829 deportari
854 3750 967 3809 essedis
991 3749 1083 3831 iubet,
1061 3757 1140 3810 tut
1159 3751 1259 3810 lutura

90 3853 243 3923 exponant.
281 3845 323 3906 Gl.
348 3841 502 3926 114,15:

299 3970 374 4030 Nam
393 3973 441 4030 oui
461 3989 520 4030 non
539 3989 593 4049 ego
613 3988 678 4032 sum
699 3973 794 4034 laliaci
812 3975 943 4052 praemia
961 3971 1045 4034 uati?

345 4067 427 4138 Quae
448 4086 511 4128 mea
530 4087 590 4128 non
610 4068 709 4130 decies
728 4073 842 4132 somnia
861 4079 962 4131 uersat
980 4068 1078 4135 anus?
1187 4082 1191 4087 ’

33 4201 34 4280 ,
94 4193 148 4254 Sed
163 4194 340 4254 obscuratur
358 4192 413 4251 bae
428 4194 673 4272 interpretatione
689 4204 896 4275 argumentum
912 4199 1022 4276 prioris
1040 4196 1130 4257 buius
1150 4198 1260 4276 elegiae

33 4303 34 4306 ’
95 4294 194 4374 partis,
222 4291 274 4354 uhi
297 4291 472 4368 Propertius
495 4289 648 4370 Cynthiam
676 4295 839 4374 uituperat,
867 4294 946 4372 quod
975 4297 1063 4354 toties
1092 4294 1184 4354 Roma
1211 4293 1261 4353 uel

94 4393 187 4468 potius
201 4388 247 4465 ab
269 4391 335 4468 ipso
353 4387 487 4451 discedat
506 4397 535 4449 et
558 4389 688 4450 taedium
707 4391 791 4452 urbis
809 4390 1042 4471 religionemque
1062 4390 1261 4470 praetendens

95 4496 169 4565 petat
191 4487 255 4547 loea
278 4485 314 4546 ab
338 4486 491 4546 bominum
514 4485 601 4550 turbe
624 4490 818 4569 frequentata.
856 4491 985 4570 Aoeedit,
1009 4489 1088 4570 quod
1110 4491 1142 4549 in
1165 4509 1194 4550 u.
1216 4507 1261 4550 se·

997 4588 1048 4642 11¹l
