3067 5042
776 413 1014 476 -160-

310 579 388 636 euim
403 593 509 635 uocem
530 569 616 635 ‘dies'
636 578 793 656 repetitam
811 594 877 636 esse
897 586 980 637 ratus
999 576 1034 635 ad
1056 575 1214 637 tollendam
1233 584 1392 656 utramque
1408 577 1491 636 difli

308 674 447 734 cultatem
471 673 528 733 hoc
551 676 703 752 proponit:

379 845 383 854 .
492 792 588 868 Atque
608 793 720 850 utinam
739 791 897 851 haerentes
916 792 960 850 sic
978 810 1046 851 nox
1065 793 1181 851 uincire
1200 799 1303 850 catena

533 887 638 968 Velles,
661 898 695 949 ut
718 907 871 968 nunquam
895 889 1026 949 solueret
1048 888 1107 950 ulla
1130 888 1203 949 dies.

308 1015 434 1074 Sensum
459 1017 498 1074 ita
522 1013 660 1092 explicat:
684 1009 871 1092 ‘Propertius
894 1015 985 1092 igitur
1008 1032 1076 1073 cum
1101 1033 1128 1074 u.
1148 1011 1190 1074 24
1214 1033 1319 1074 uocem
1343 1010 1429 1074 ‘non'
1465 1018 1491 1074 ir

307 1112 411 1182 malam
436 1119 550 1191 partem
573 1114 735 1191 acceperit,
759 1113 844 1190 quasi
868 1130 900 1170 se
923 1114 986 1190 ipse
1011 1115 1164 1190 corrigens
1187 1114 1217 1172 in
1241 1111 1296 1172 hac
1320 1113 1430 1194 elegia,
1465 1115 1491 1171 ir

307 1213 393 1270 cuius
416 1212 500 1272 initio
524 1218 641 1271 noctem
669 1210 824 1269 candidam
853 1209 938 1290 dicit,
967 1230 994 1270 u.
1018 1207 1062 1270 25
1089 1219 1206 1270 noctem
1237 1210 1408 1289 supplicans
1437 1210 1489 1269 ad

305 1309 439 1387 loquitur
462 1310 549 1386 eique
573 1307 706 1368 debitum
729 1307 875 1367 honorem
904 1308 1015 1387 reddit,
1038 1307 1097 1368 diei
1120 1317 1232 1387 antem,
1262 1327 1336 1387 quae
1367 1309 1490 1368 inuide

307 1406 486 1487 amantibus,
515 1414 692 1485 potestatem
720 1424 809 1484 quam
838 1407 987 1466 minimam
1016 1424 1082 1465 esse
1106 1401 1208 1485 cupit'.
1232 1439 1274 1448 —
1298 1406 1336 1467 ht
1363 1414 1490 1485 poetam

306 1503 386 1564 himo
411 1505 441 1563 in
466 1503 586 1564 modum
609 1502 711 1564 uerbis
734 1504 859 1586 lusisse,
888 1506 955 1582 quis
978 1500 1100 1564 credat?
1145 1504 1169 1563 h
1191 1503 1340 1583 Propertii
1364 1503 1490 1565 dicend

307 1620 416 1680 genere
441 1601 497 1661 tale
522 1601 592 1680 quid
617 1609 698 1662 certe
722 1602 868 1662 absonum
891 1611 944 1663 est.
992 1602 1050 1662 Sed
1074 1621 1111 1662 ne
1137 1612 1218 1662 extat
1247 1602 1365 1680 quidem
1390 1603 1490 1662 altera

307 1700 356 1760 illa
381 1700 554 1781 difficultas,
578 1719 664 1778 quam
688 1703 815 1779 positam
839 1708 924 1779 putat
945 1699 1106 1760 Fischerus
1129 1702 1160 1760 in
1183 1703 1311 1779 repetito
1334 1699 1491 1761 uocabulo

306 1793 403 1878 ‘dies',
435 1798 513 1875 quod
537 1801 636 1858 statim
660 1799 821 1880 concedes,
848 1801 873 1858 si
896 1796 937 1858 lll
963 1796 1012 1879 10,
1038 1796 1078 1858 16
1102 1808 1133 1858 et
1158 1796 1197 1858 18
1225 1797 1403 1879 contuleris,
1431 1798 1491 1858 ubi

306 1896 342 1956 de
367 1914 440 1955 ttoee
466 1891 576 1975 ‘caput'
606 1898 676 1956 item
706 1915 754 1956 res
783 1915 814 1956 se
845 1895 942 1956 hahet.
988 1897 1091 1975 ltaque
1119 1915 1177 1956 una
1206 1905 1298 1957 restat
1326 1895 1491 1974 dubitatio,

307 2012 465 2072 quemnam
489 1993 655 2072 alloquatur
679 2003 766 2072 poeta
790 2013 819 2054 u,
843 1991 894 2055 26.
940 1993 1005 2054 Non
1030 1994 1065 2054 ad
1089 2003 1222 2054 catenam
1248 1995 1391 2054 directam
1416 2013 1491 2053 esse

306 2111 394 2171 posse
418 2094 581 2153 orationem
606 2095 729 2172 propter
758 2111 808 2152 uu
832 2089 875 2152 24
899 2100 929 2152 et
952 2089 993 2152 27
1018 2095 1075 2153 iam
1099 2092 1305 2152 Lachmannus
1329 2102 1359 2153 et
1389 2091 1489 2151 Baeh-

307 2192 425 2250 rensius
449 2200 637 2251 monuerunt.
676 2189 762 2271 Quid,
786 2190 865 2270 quod
890 2208 927 2250 ne
947 2191 981 2250 ad
1002 2190 1156 2269 Cynthiam
1178 2191 1297 2268 quidem
1322 2191 1388 2252 lieri
1412 2190 1490 2248 allo-

306 2290 455 2349 cutionem
472 2307 578 2349 sensus
593 2285 726 2366 patitur?
763 2289 918 2359 Quomodo
933 2291 1012 2349 enim
1027 2291 1124 2348 animo
1139 2290 1251 2368 lingere
1270 2288 1357 2348 nohis
1376 2306 1489 2368 possu-

306 2404 372 2445 mus
399 2385 479 2445 illam
502 2388 674 2465 imaginem,
704 2405 762 2464 qua
790 2385 915 2464 Cynthia
943 2389 1006 2466 ipsa
1035 2405 1066 2446 se
1096 2404 1164 2447 cum
1191 2384 1347 2464 Propertio
1378 2395 1490 2448 catena

308 2484 455 2543 artissime
480 2485 661 2562 coniungere
681 2480 813 2543 dicitur?
850 2483 931 2554 Quae
951 2487 976 2544 si
994 2503 1066 2544 uere
1087 2484 1235 2563 disputata
1254 2493 1332 2565 sunt,
1356 2484 1487 2544 dubium

307 2583 355 2640 uix
381 2599 447 2642 esse
476 2589 588 2662 potest,
616 2583 688 2660 quin
716 2580 789 2641 illud
818 2576 934 2641 ‘uelles'
962 2581 1149 2643 abiciendum
1180 2590 1210 2642 et
1237 2585 1325 2642 tertia
1353 2601 1486 2662 persona

306 2677 492 2739 restituenda
516 2681 564 2758 sit,
587 2687 621 2739 ut
643 2673 769 2739 ‘catena'
789 2678 957 2740 subiectum
976 2681 1034 2740 liat
1071 2680 1173 2758 ltaque
1192 2679 1340 2758 Propertii
1360 2698 1484 2741 manum

306 2779 477 2855 reposuisse
497 2776 569 2836 mihi
588 2777 708 2838 uidetur
723 2776 934 2860 Baehrensius,
953 2797 1022 2838 cum
1041 2779 1173 2840 codicem
1188 2778 1210 2837 F
1224 2796 1258 2837 re
1272 2796 1344 2837 uera
1365 2772 1483 2838 ‘uellet’

306 2873 494 2935 exhibentem
510 2884 639 2948 ,secutus
664 2875 800 2937 facillima
825 2879 987 2938 mutatione
1012 2876 1183 2938 scriheretz·

528 2981 622 3043 Vellet
646 2986 700 3044 uti
724 3003 876 3062 nunquam
900 2972 1031 3045 solueret
1054 2984 1112 3044 ulla
1136 2984 1209 3044 dies.

305 3099 464 3178 Aptissime
488 3100 647 3159 conterunt
670 3098 706 3158 ad
730 3099 758 3158 h.
782 3099 801 3159 l.
823 3099 1037 3161 Pseudotihull.
1073 3096 1167 3179 1114,
1194 3094 1297 3176 15sq.:

529 3205 586 3265 Sed
611 3207 710 3283 potius
735 3205 831 3266 ualida
855 3215 1009 3266 teneamur
1032 3215 1160 3285 uterque
1184 3214 1288 3266 catena

574 3301 659 3362 Nulla
682 3310 773 3379 queat
795 3303 919 3380 posthac
943 3321 998 3362 nos
1022 3303 1147 3363 soluisse
1171 3303 1243 3364 dies.

306 3418 350 3477 Ex
373 3421 409 3477 iis
438 3419 544 3496 igitur,
571 3434 647 3494 quae
670 3415 826 3493 hucusque
851 3416 1081 3496 disputauimus,
1110 3418 1207 3479 elucet
1236 3418 1373 3479 familiam
1401 3410 1477 3497 (A)P

306 3515 409 3574 multis
432 3515 505 3574 loeis
530 3523 580 3573 aut
603 3531 705 3573 ueram
731 3515 908 3591 scripturam
933 3517 1025 3593 ipsam
1050 3521 1101 3573 ant
1124 3518 1189 3576 eius
1212 3518 1337 3591 uestigia
1361 3515 1475 3574 tradere

306 3613 358 3673 sed
382 3615 431 3694 ita,
456 3621 488 3673 ut
511 3610 536 3671 N
561 3611 671 3690 ubique
696 3613 874 3671 assentiatur
898 3614 974 3692 (cap.
997 3607 1039 3693 1),
1063 3611 1127 3671 aliis
1151 3613 1224 3671 locis
1248 3629 1263 3668 a
1287 3614 1409 3690 pristina
1432 3614 1474 3670 in·

305 3713 442 3790 tegritate
470 3710 613 3770 dellexam
645 3728 709 3769 esse
738 3704 816 3789 (cap.
840 3706 884 3791 2),
907 3712 1093 3789 paucissimis
1121 3727 1230 3788 perse
1259 3708 1350 3768 solam
1374 3725 1473 3768 uerunn

306 3827 443 3868 seruasse
467 3801 545 3890 (cap.
561 3801 604 3888 3).
642 3807 703 3867 Hos
727 3815 826 3867 autem
849 3826 1015 3886 perpaucos
1038 3807 1119 3867 locos
1142 3809 1168 3867 si
1191 3814 1292 3867 tecum
1311 3808 1471 3866 considera·

306 3908 400 3987 ueris,
428 3915 487 3967 tam
516 3905 652 3985 pusillam
682 3906 818 3978 codicum
846 3908 1011 3984 scripturae
1040 3924 1105 3966 esse
1134 3905 1331 3966 differentiam
1354 3899 1471 3980 uidebis,

306 4013 339 4064 ut
371 4003 443 4063 nihil
478 3989 541 4064 iere
573 4003 650 4064 libro
673 4004 696 4063 F
719 4002 848 4064 dandum
878 4006 917 4064 sit
949 4011 980 4064 et
1012 4005 1076 4063 sine
1109 4005 1174 4063 eius
1207 4002 1340 4063 subsidio
1371 4017 1469 4062 uerum

306 4101 456 4161 enucleari
483 4105 585 4184 possit.
632 4102 697 4172 Quo
721 4102 849 4182 accedit,
876 4102 955 4180 quod
983 4119 1021 4160 ne
1049 4109 1165 4161 constat
1194 4101 1327 4180 quidem,
1356 4119 1423 4159 mnn
1449 4096 1467 4156 t

305 4198 449 4260 lectiones
476 4200 523 4260 his
552 4200 624 4260 loeis
653 4209 787 4260 extantes
815 4218 988 4261 communes
1016 4198 1121 4259 haheat
1149 4217 1217 4259 cum
1240 4199 1278 4279 h,
1310 4201 1361 4276 qui
1386 4197 1466 4272 desit3

305 4298 430 4358 fortasse
459 4295 538 4357 enim
566 4298 641 4358 nihil
670 4298 748 4357 aliud
778 4315 865 4375 quam
893 4296 1007 4358 librarii
1035 4314 1120 4356 error
1148 4307 1178 4358 et
1207 4299 1234 4356 is
1262 4295 1379 4374 quidem
1405 4294 1464 4353 l'elix

306 4395 417 4456 subest.
456 4395 656 4474 Quaecunque
677 4404 776 4455 autem
794 4393 993 4456 Baehrensius
1013 4415 1028 4454 e
1048 4393 1071 4453 F
1091 4398 1204 4473 recepit
1222 4404 1274 4454 aut
1297 4394 1353 4453 hoc
1375 4393 1464 4452 codice

305 4496 393 4554 nixus
416 4496 553 4575 coniecit,
575 4495 671 4553 inuito
695 4493 851 4572 Propertio
876 4497 998 4573 recepit:
