3067 5042
751 382 984 446 —176-

281 551 482 621 comparetur,
510 543 614 603 inlerri
643 543 835 606 contendunt.
882 543 922 603 13
950 553 1067 623 poetam
1095 548 1193 624 ipsum
1216 563 1281 604 eam
1306 545 1457 606 illustrare

280 637 531 702 mfflmw

406 741 408 746 ’
493 746 568 808 Dum
593 766 647 807 uos
672 749 729 808 lata
753 750 869 829 sinunt,
893 749 995 810 oculos
1019 752 1160 810 satiemus
1180 768 1296 810 amore:

537 845 601 905 Nox
625 845 679 906 tibi
703 845 789 924 longa
812 848 908 926 uenit,
933 865 988 907 nec
1012 847 1145 908 reditura
1168 848 1240 909 dies.

283 969 391 1029 Contra
415 988 503 1048 quam
527 969 649 1049 uulgare
669 989 702 1030 ac
721 970 866 1050 pedestre⁴
881 989 947 1031 esse
970 971 1041 1033 illud
1063 967 1145 1032 ‘dum
1168 968 1250 1032 licet'
1270 966 1320 1054 (c'l.
1336 895 1511 1098 bredow

281 1087 308 1145 p.
327 1063 395 1147 15)]
427 1068 470 1148 ,Aa
491 1087 547 1146 ego
569 1087 693 1148 prorsus
713 1068 797 1128 aliter
817 1071 921 1130 sentio.
959 1070 1143 1149 Quamquam
1164 1073 1243 1130 anim
1263 1069 1345 1132 ‘dum
1364 1072 1448 1134 lucet

282 1184 336 1243 per
356 1184 387 1224 se
407 1165 465 1225 dici
484 1184 572 1243 posse
591 1165 730 1246 concedo,
750 1174 848 1226 tamen
869 1167 941 1227 nihil
959 1167 1007 1227 hic
1027 1171 1109 1228 iuuat
1129 1185 1157 1227 u.
1172 1165 1265 1247 23sq.
1285 1154 1496 1250 contulisse²3²

282 1265 349 1340 quia
370 1263 460 1323 uerba
485 1258 571 1325 ‘Dum
591 1282 645 1323 nos
665 1264 723 1323 lata
742 1259 856 1324 sinunt'
874 1264 954 1324 idem
972 1264 1073 1325 ualent
1092 1283 1125 1325 ac
1145 1262 1227 1326 ‘dum
1247 1263 1337 1327 licet'.
1368 1268 1428 1338 Qui

282 1361 360 1438 quod
384 1363 415 1420 in
439 1361 547 1423 talibus
569 1362 771 1422 locutionibus
793 1380 912 1441 semper
936 1364 998 1422 lere
1023 1358 1137 1422 ‘licere'
1161 1374 1212 1423 aut
1238 1360 1360 1424 ‘sinere'
1386 1367 1458 1443 poni

281 1459 423 1538 exemplis
447 1458 541 1519 allatis
565 1459 763 1521 demonstrari
786 1457 907 1538 potest?
943 1460 985 1521 Cl.
1010 1479 1054 1521 ex.
1077 1478 1119 1539 gr.
1144 1457 1304 1541 119,25:

495 1584 602 1665 Quare,
621 1585 692 1646 dum
711 1585 789 1667 licet,
808 1587 887 1645 iuter
906 1603 961 1644 uos
980 1585 1123 1645 laetemur
1142 1595 1282 1646 amantes.
1342 1642 1344 1646 ,

239 1721 241 1727 ·
280 1707 344 1768 Tib.
360 1707 371 1767 l
389 1706 415 1787 1,
431 1705 486 1770 69:
511 1703 647 1790 ‘Interea
671 1711 740 1770 dum
765 1711 822 1770 lata
846 1712 957 1789 sinunt,
980 1711 1136 1787 iungamus
1159 1705 1296 1769 amores’.
1327 1705 1383 1789 15,
1401 1706 1458 1770 75:
1509 1778 1510 1783 η

281 1802 378 1866 ‘utere
402 1825 526 1886 quaeso,
552 1809 557 1880 1
582 1807 656 1868 llum
681 1807 764 1867 licet:
794 1810 824 1867 in
854 1807 963 1885 liquida
992 1815 1041 1866 nat
1069 1806 1123 1866 tibi
1147 1806 1236 1867 linter
1261 1803 1356 1886 aqua’.
1401 1807 1457 1868 On.
1509 1792 1510 1809 ¹

280 1923 304 1964 a.
325 1923 348 1964 3.
369 1901 483 1964 11161:
517 1899 603 1964 ‘lium
633 1904 702 1964 licet
730 1914 760 1965 et
789 1922 878 1964 ueros
907 1906 1076 1966 etiamnunc
1100 1904 1187 1964 editis
1210 1923 1313 1986 annos,
1333 1907 1338 1980 Ι
1358 1905 1457 1984 Vtere,

280 2011 352 2062 erint
381 2004 450 2062 anni
477 2020 559 2061 more
588 2001 708 2062 fluentis
737 1998 851 2080 aquae'.
897 2002 1012 2084 ltaque,
1042 2003 1180 2080 quoniam
1208 2005 1366 2080 genuinam
1391 2021 1457 2061 esse

279 2100 424 2189 librorum
443 2098 525 2160 DVF
549 2103 728 2179 scripturam
751 2102 877 2160 maxime
901 2098 1053 2180 probabile
1074 2107 1128 2180 est,
1152 2099 1287 2180 alterum,
1311 2099 1392 2178 quod
1411 2107 1457 2159 est

279 2199 310 2257 in
333 2197 372 2279 N,
396 2195 494 2259 'metri
522 2195 681 2259 adiuuaudi
709 2217 798 2258 causa
825 2198 1036 2278 interpolatum
1064 2216 1129 2258 esse
1158 2215 1226 2256 cnm
1254 2195 1286 2258 L.
1314 2196 1457 2257 Muellero

280 2295 402 2373 aliisque
432 2290 576 2376 censeol)
623 2295 651 2356 ls
680 2304 775 2357 metro
798 2314 903 2356 manco
927 2298 967 2356 ita
999 2294 1152 2375 subtranit,
1181 2283 1214 2354 ut
1236 2288 1278 2375 ‘o'
1302 2295 1458 2374 insereret,

281 2410 369 2471 quam
393 2395 629 2454 interiectionem
649 2413 666 2453 a
690 2393 819 2454 librariis
842 2394 960 2472 saepius
979 2395 1119 2452 omissam
1138 2410 1204 2452 esse
1224 2398 1458 2451 consentaneum
1509 2430 1510 2467 ,

281 2499 339 2570 est,
363 2499 393 2549 et
417 2500 498 2551 certe
518 2491 626 2551 melius
648 2491 705 2551 hoc
728 2491 818 2551 habet
839 2510 925 2570 quam
951 2485 1063 2570 ‘bunc',
1087 2489 1166 2568 quod
1189 2488 1254 2549 Itali
1278 2487 1458 2548 addiderunt
1509 2472 1510 2553 l

280 2591 460 2648 assentiente
493 2586 681 2649 Lachmanuo
714 2591 743 2650 in
777 2590 871 2666 prima
901 2587 1039 2647 editione.
1090 2586 1243 2647 Palmerus
1272 2580 1457 2667 (postscript.
1509 2574 1510 2639 ἒ

185 2731 189 2738 .
280 2705 308 2764 p.
334 2680 436 2766 LXVI)
463 2688 585 2747 conicit:
608 2686 649 2745 Da
672 2685 761 2745 modo
786 2685 855 2744 dum
881 2671 950 2744 licet
973 2693 1003 2744 et
1026 2702 1097 2763 eqs,
1120 2683 1199 2761 quod
1223 2701 1328 2763 parum
1351 2681 1457 2760 placet.
1509 2748 1510 2759 ,

190 2775 195 2786 ’
280 2780 377 2843 Probo
402 2786 493 2863 igitur
516 2803 624 2852 uersus
647 2785 782 2864 formam,
805 2801 893 2860 quam
916 2780 948 2843 L.
973 2781 1133 2843 Muellerus
1155 2785 1298 2862 reposuit.

248 2907 320 2967 «111
337 2907 388 2988 18,
403 2907 460 2971 24:
494 2909 666 2970 Scandenda
690 2918 736 2969 est
760 2911 839 2970 torui
862 2906 979 2987 publica
1003 2906 1106 2986 cymba
1130 2909 1218 2967 senis.

281 3033 397 3104 Quanto
421 3036 519 3095 studio
543 3035 721 3096 defendendi
745 3051 924 3111 quocunque
948 3033 1035 3092 modo
1059 3035 1147 3093 etiam
1171 3035 1202 3091 iu
1225 3030 1317 3090 rebus
1340 3029 1458 3108 pusillis
1509 3060 1510 3063 ¹

281 3130 466 3210 Neapolitani
490 3133 651 3192 bonitatem
675 3130 809 3192 nonnulli
833 3132 891 3190 uiri
915 3129 1031 3208 abrepti
1053 3133 1121 3210 siut,
1145 3148 1181 3189 ex
1204 3129 1261 3188 hoc
1280 3128 1297 3186 l.
1318 3131 1459 3204 cognosci
1509 3116 1510 3125 ¹

280 3228 358 3288 licet.
400 3228 452 3288 un
477 3233 556 3290 enim
585 3237 614 3288 et
642 3229 767 3288 sortasse
792 3227 814 3285 V
839 3245 876 3287 m.
903 3224 919 3284 1
944 3225 1085 3287 exhibent
1113 3221 1217 3308 ρ13111,
1243 3224 1268 3286 N
1294 3219 1408 3304 ξ11331,
1435 3224 1459 3283 F

282 3324 359 3386 1112
384 3335 413 3386 et
433 3326 455 3384 V
475 3325 553 3386 m.2
579 3311 690 3405 ‘torui',
715 3326 794 3404 qirod
818 3343 924 3385 uerum
948 3343 1014 3385 esse
1038 3324 1176 3385 omuibus
1200 3321 1365 3384 editoribus
1388 3341 1459 3381 con-

282 3430 348 3482 stat.
387 3422 496 3482 Contra
515 3422 575 3480 Leo
595 3441 622 3500 p.
642 3419 707 3481 444
726 3423 783 3481 hoc
802 3421 990 3481 abiciendum
1009 3429 1039 3480 et
1057 3422 1249 3481 scribendum
1269 3439 1335 3481 esse
1355 3416 1458 3479 ‘Scan-

281 3519 376 3579 denda
399 3514 520 3579 atrocis'
540 3518 705 3604 contendit3
730 3521 816 3596 quasi
839 3519 903 3576 fieri
923 3515 1109 3577 nullomodo
1130 3520 1270 3596 potuerit,
1294 3528 1328 3577 ut
1353 3513 1457 3577 ‘torui’

279 3620 311 3678 iu
335 3613 438 3678 ‘torti'
462 3617 511 3678 uel
536 3611 643 3676 ‘troci'
668 3616 773 3676 abiret.
819 3615 981 3674 Seruemus
1009 3616 1100 3691 igitur
1128 3607 1215 3692 ε331’,
1245 3612 1324 3690 qnod
1353 3630 1455 3672 omnes

281 3715 349 3777 libri
377 3701 549 3795 agnoscunt
571 3707 623 3797 (31.
647 3734 675 3775 n.
700 3710 756 3775 23:
784 3711 939 3773 Exoranda
966 3745 1003 3753 -
1030 3704 1114 3792 sunt)
1143 3718 1173 3770 et
1201 3709 1359 3771 reddamus
1385 3711 1455 3772 Pro-

282 3817 379 3892 pertio
403 3813 475 3874 illud
500 3807 604 3874 ‘torui'
629 3811 807 3872 eliciendum
831 3830 847 3869 e
872 3805 977 3874 ‘torti'.

371 3911 574 3990 Sequautur
590 3909 794 3989 complures
813 3909 897 3990 loci,
912 3909 953 3968 de
972 3908 1103 3986 quibus
1123 3906 1269 3967 dubium
1288 3908 1374 3967 mibi
1393 3916 1455 3969 est.

235 4048 247 4078 1
281 4035 307 4095 ll
330 4032 378 4116 18,
398 4032 432 4096 5:
496 4035 573 4107 Quid
598 4055 661 4096 mea
686 4037 711 4095 si
735 4037 816 4095 canis
840 4043 920 4094 aetas
945 4040 1117 4093 canesceret
1139 4034 1238 4112 annis,

232 4122 237 4132 '
539 4133 577 4193 Et
600 4135 712 4195 laceret
736 4136 844 4194 scissas
868 4132 1004 4211 languida
1027 4149 1102 4209 ruga
1124 4126 1237 4209 genas?

282 4263 331 4324 Sic
354 4257 379 4322 N
408 4275 530 4321 uersum
559 4259 691 4341 exhibet,
723 4259 831 4338 reliqui
859 4257 943 4318 codd.
972 4254 1095 4316 habeut:
1128 4254 1205 4325 Quid
1224 4241 1260 4313 ‘si
1288 4256 1346 4313 iam
1375 4255 1453 4313 cauis

354 4399 380 4467 1)
410 4397 489 4462 Quod
517 4393 762 4464 interpolationem
791 4396 905 4449 ductam
933 4410 992 4448 esse
1020 4406 1054 4445 ex
1077 4407 1177 4458 enang.
1201 4389 1260 4442 Iob.
1280 4393 1341 4456 e,4
1364 4391 1451 4458 putat,

282 4479 365 4532 nimis
384 4476 544 4546 qnaesiium
564 4475 682 4529 uidetur.
