3067 5042
700 419 940 483 -182-

234 583 312 662 quod
341 583 432 644 uerba
461 577 595 643 ‘iteratos
623 600 677 660 per
705 577 803 644 ortus’
831 601 889 643 non
920 585 1030 646 babere
1064 584 1289 666 explicationem
1320 581 1408 644 multi

235 683 332 742 critici
356 680 490 741 clamant.
537 680 632 759 Atque
662 690 742 741 certe
773 680 971 744 Heimreicbio
994 677 1035 764 (p.
1056 676 1092 766 6)
1115 682 1338 744 concedendurn
1362 691 1409 742 est

142 857 144 862 .
234 797 268 839 ea
292 798 351 840 non
376 778 453 838 idem
478 777 577 838 ualere
601 797 688 857 posse
713 796 746 838 ae
771 773 835 858 ‘per
859 781 1027 860 complures
1056 777 1141 862 dies',
1170 781 1249 861 qnod
1273 779 1407 840 nonnulli

235 876 341 940 uolunt
359 877 507 936 recordati
527 876 581 938 On.
602 876 666 937 last
686 876 722 935 Vl
745 874 821 938 199:
844 878 929 938 Mane
953 879 1004 940 ubi
1027 881 1073 941 bis
1097 882 1187 941 luerit
1210 878 1409 957 Phoebusque

235 977 389 1035 iteranerit
418 982 509 1034 ortus.
557 973 629 1034 Nam
659 975 769 1034 locutio
800 992 860 1033 non
887 974 982 1036 solum
1011 980 1082 1039 satis
1109 979 1242 1057 quaesita
1270 985 1350 1037 essct
1379 985 1411 1036 et

236 1075 320 1153 mira,
344 1072 395 1132 sed
416 1074 504 1132 etiam
524 1071 659 1153 absurda,
683 1076 751 1151 quia
771 1074 883 1134 diutius
902 1092 991 1152 quam
1009 1076 1168 1136 nonnullos
1186 1075 1250 1134 dies
1268 1074 1411 1153 Lycotam

235 1173 265 1230 in
291 1169 485 1230 orientalibus
508 1170 681 1249 regionibus
705 1170 850 1251 stipendia
873 1174 1019 1234 meruisse
1043 1175 1232 1234 manifestum
1255 1184 1310 1234 est.
1351 1173 1411 1233 Sed

235 1271 276 1328 ita
299 1267 347 1328 illa
372 1267 463 1328 uerba
487 1286 554 1328 cum
574 1267 731 1328 Kuinoelio
754 1269 877 1347 aliisque
898 1271 1039 1350 explicari
1057 1290 1145 1351 posse
1163 1278 1245 1351 puto,
1269 1279 1303 1331 ut
1321 1272 1411 1349 signi·

236 1369 325 1427 licent
353 1361 423 1444 ‘per
447 1367 571 1426 orientis
595 1365 730 1445 populos«
744 1369 865 1427 iteratos
889 1370 907 1428 i.
931 1388 956 1430 e,
983 1372 1092 1431 iterum
1121 1363 1313 1448 peragratos'.
1360 1367 1411 1428 Sic

238 1465 346 1526 Lxrean.
371 1463 397 1523 ΙΙ
421 1461 498 1525 642:
525 1461 614 1524 ‘totns
639 1483 712 1544 mea,
735 1473 812 1545 nate,
835 1484 889 1544 per
908 1476 993 1528 ortus
1013 1466 1017 1546 Ι
1038 1467 1116 1528 Bella
1141 1461 1245 1528 seres'.
1291 1466 1333 1526 lle
1356 1468 1411 1525 ite·

237 1562 322 1623 randi
350 1571 449 1622 autern
477 1561 570 1622 uerbo
600 1563 635 1622 cs.
665 1564 852 1623 notissimum
884 1563 956 1625 tund
985 1565 1099 1625 Horatii
1131 1558 1242 1646 (Germ.
1266 1563 1279 1622 l
1304 1561 1333 1644 7,
1351 1556 1412 1643 32)

239 1656 425 1720 ‘iterabimus
449 1654 580 1739 aequor'.
619 1658 725 1720 Omisit
744 1670 844 1722 autem
863 1663 951 1722 tinem
971 1682 1078 1724 uersus
1098 1665 1133 1742 is,
1156 1664 1208 1742 qui
1226 1662 1251 1722 N
1270 1661 1414 1739 exarauit,

239 1761 364 1819 tortasse
384 1767 551 1840 propterea,
571 1758 648 1837 quod
670 1757 838 1819 offendebat
856 1761 887 1818 in
907 1778 981 1820 uoce
1001 1755 1145 1841 ‘blaetra',
1165 1779 1240 1839 quae
1259 1761 1291 1819 in
1309 1756 1412 1818 arche-

240 1865 307 1936 typo
332 1857 451 1917 uidetur
475 1857 566 1916 fuisse
591 1850 717 1939 (blactra
741 1856 805 1937 DF,
828 1857 928 1920 bactra
953 1857 975 1915 V
999 1861 1029 1918 in
1052 1877 1109 1918 ras.
1129 1877 1167 1919 rn.
1190 1852 1260 1940 1).¹)

164 1953 166 1956 ’
328 1953 392 2014 Duo
416 1962 530 2015 tantum
550 1962 663 2014 restant
687 1953 743 2013 loci
762 1948 817 2034 (ΙΙΙ
839 1954 866 2036 1,
884 1953 941 2036 273
965 1951 994 2034 5,
1014 1950 1082 2037 39),
1107 1956 1156 2016 ubi
1181 1956 1342 2016 uerborum
1362 1953 1413 2013 de-

239 2052 329 2130 lectu,
353 2053 452 2130 quiin
474 2049 499 2110 N
519 2060 607 2134 extat,
631 2051 719 2112 huius
737 2050 806 2111 libri
831 2055 1041 2132 praestantiam
1061 2053 1248 2134 comprobari
1266 2052 1415 2130 Hauptins

240 2148 407 2209 luculenter
439 2151 575 2228 exposuit
604 2145 671 2230 (Op.
690 2149 717 2209 ΙΙ
736 2169 763 2229 p.
784 2145 920 2229 52sqq.).
966 2151 1102 2211 Attamen
1134 2151 1168 2210 ad
1198 2153 1321 2211 nimium
1345 2168 1417 2210 eum

241 2243 404 2325 procedere
430 2249 565 2307 existimo
590 2266 622 2306 ea
646 2249 677 2306 in
701 2247 754 2328 re,¹
775 2248 854 2327 quod
878 2251 935 2308 iarn
959 2248 989 2307 in
1013 2249 1173 2328 archetypo
1197 2247 1341 2308 uocabula
1365 2246 1416 2306 ab·

244 2353 360 2422 sumpta
386 2344 476 2404 fuisse
500 2344 626 2424 ideoque
651 2345 867 2423 complementa
889 2345 939 2405 illa
962 2348 993 2405 in
1017 2346 1156 2407 omnibns
1180 2345 1341 2425 praeterN
1366 2364 1415 2405 co·

242 2442 357 2502 dinibus
386 2445 514 2502 extantia
543 2461 666 2522 prorsus
695 2462 760 2504 esse
790 2445 856 2504 licta
885 2445 1046 2505 contendit.
1093 2445 1212 2525 Optimo
1240 2447 1320 2504 enim
1348 2445 1416 2503 inre

179 2543 181 2547 ‘
240 2540 272 2602 L.
293 2529 454 2600 Muellerus
478 2535 583 2618 (prael.
602 2558 630 2618 p.
650 2535 700 2620 Vl)
724 2540 781 2600 hoc
801 2541 926 2618 profert:
952 2537 1062 2602 ‘miuus
1082 2551 1179 2602 tamen
1199 2551 1314 2602 certum
1333 2540 1417 2618 illud,

241 2646 342 2699 ulrum
367 2638 445 2696 sicut
468 2639 498 2697 in
522 2637 560 2716 N,
590 2639 678 2696 etiarn
706 2639 736 2696 in
760 2637 920 2717 archetypo
944 2638 1023 2697 unde
1047 2638 1154 2698 ductus
1179 2649 1224 2698 est
1254 2642 1344 2699 luerit
1366 2638 1417 2698 de-

242 2738 338 2796 fectus
362 2735 538 2817 uerborum,
563 2754 600 2794 an
624 2737 777 2796 extiterint
800 2734 943 2795 uocabula
967 2736 1097 2796 difficilia
1120 2736 1213 2817 lectu,
1237 2755 1311 2815 quae
1335 2735 1416 2796 illius

241 2833 381 2893 librarius
400 2833 496 2893 taedio
516 2851 549 2892 ae
572 2833 744 2894 difficultate
764 2835 864 2893 uictus
883 2836 1043 2914 omitteret,
1066 2833 1248 2913 Groningani
1266 2833 1333 2894 rudi
1352 2841 1417 2893 arte

242 2933 349 3010 partim
366 2930 540 3010 depingeret
555 2933 671 3009 *partim
691 2925 845 3010 expleret'.
883 2932 977 3003 Quam
991 2933 1028 2992 ad
1043 2936 1219 2994 sententiam
1244 2932 1314 2992 duci
1329 2951 1361 2992 se
1376 2934 1419 2992 ait

243 3029 411 3088 litterarum
434 3028 636 3109 similitudine,
660 3047 735 3107 qnae
758 3031 838 3089 inter
861 3029 953 3089 uerba
976 3030 1084 3091 tradita
1103 3039 1133 3090 et
1151 3029 1304 3090 emendata
1323 3031 1415 3090 inter·

243 3126 336 3186 cedat,
385 3124 450 3186 Huc
482 3126 608 3206 accedit,
636 3127 715 3205 quod
743 3126 782 3207 N,
810 3145 879 3187 cum
907 3127 1015 3188 multas
1043 3128 1135 3192 bonas
1163 3128 1306 3187 lectiones
1334 3127 1417 3188 solus
1531 3192 1532 3199 ¹

243 3221 362 3301 habeat,
391 3223 580 3284 descendisse
608 3224 729 3285 uidetur
757 3243 774 3284 e
801 3224 891 3305 libro,
925 3229 976 3304 qni
1003 3225 1081 3286 haud
1108 3226 1212 3304 paucis
1239 3224 1313 3284 loeis
1344 3228 1417 3285 satis
1531 3212 1532 3253 ³

225 3319 399 3381 -dilierebat
426 3341 443 3381 a
473 3321 656 3400 reliquorum
680 3322 817 3383 codicum
841 3324 936 3404 ionte3
969 3325 1005 3384 cs.
1029 3343 1058 3402 p.
1083 3319 1145 3384 161
1171 3321 1236 3382 adn.
1260 3319 1290 3382 2.
1340 3322 1417 3392 Quid
1531 3376 1532 3379 ,

243 3421 334 3498 igitur
357 3427 452 3500 uetat,
481 3422 639 3498 quominus
663 3427 828 3482 statuamus
851 3424 882 3481 in
906 3421 956 3482 illo
980 3421 1120 3481 nonnulla
1144 3422 1238 3498 magis
1261 3419 1418 3480 obscurata

245 3517 337 3576 luisse
361 3525 449 3596 atque
474 3521 631 3579 euanuisse
655 3537 744 3597 quam
769 3521 798 3579 in
822 3515 900 3578 hoc?
944 3516 988 3578 lta
1016 3536 1060 3577 ex.
1084 3536 1127 3595 gr.
1146 3517 1187 3576 ΙΙΙ
1208 3515 1235 3594 1,
1254 3514 1296 3577 36
1319 3516 1344 3576 N
1369 3536 1418 3576 ex-

245 3614 328 3674 hibet
358 3610 464 3694 ‘augur
480 3663 486 3675 .
502 3664 509 3679 .
525 3664 531 3677 .
547 3619 619 3696 ipse
649 3612 742 3697 deae',
774 3635 843 3677 curn
869 3616 900 3674 in
929 3612 1010 3673 DVF
1044 3613 1170 3674 dilucide
1205 3614 1351 3691 scriptum
1380 3617 1420 3676 sit
1531 3652 1532 3657 κ

246 3704 387 3790 ‘auguror
410 3716 475 3792 ipse
499 3711 602 3795 dicm’3
627 3715 662 3774 el.
687 3717 776 3775 ctiam
799 3708 964 3793 1115,35;
987 3710 1023 3769 lv
1047 3708 1144 3793 10,1.

334 3809 397 3870 Hoc
421 3811 507 3870 modo
532 3829 595 3871 rem
619 3811 727 3871 babere
751 3810 844 3871 altero
863 3809 913 3869 illo
932 3809 998 3870 loeo
1017 3817 1084 3888 post
1103 3807 1223 3887 Hauptii
1241 3809 1419 3888 disputatio-

187 3906 216 3981 ts
247 3926 314 3968 nem
334 3911 497 3990 notissimo,
517 3913 567 3988 qui
587 3916 633 3968 est
646 3907 685 3968 111
700 3904 730 3987 5,
745 3905 797 3988 39,
821 3911 846 3967 si
869 3910 971 3990 sirmis,
994 3909 1104 3967 ceteris
1125 3905 1232 3967 litteris
1250 3908 1417 3970 obscuratis

248 4009 278 4066 in
304 4006 463 4084 archetype
488 4006 560 4066 nihil
584 4005 662 4066 clare
686 4007 831 4084 scriptum
855 4007 947 4066 fuisse
971 4005 1123 4084 probabile
1151 4006 1184 4064 lit
1212 4008 1268 4065 nisi
1294 4001 1421 4068 ‘cutum'

249 4103 298 4163 uel
322 4099 457 4184 ‘antum',
481 4103 559 4165 unde
580 4105 765 4184 factumest,
789 4111 823 4164 ut
841 4103 1025 4183 Neapolitani
1049 4102 1188 4164 librarius
1208 4121 1278 4163 sane
1300 4105 1422 4182 quidem

250 4201 393 4280 prouidus
427 4210 521 4262 totum
555 4201 736 4263 uocabulum
766 4203 930 4282 omitteret,
963 4205 989 4261 is
1022 4208 1135 4281 autem,
1168 4203 1219 4279 qni
1250 4211 1420 4262 ceterorum

322 4420 349 4486 1)
368 4419 399 4472 ft.
420 4415 549 4486 Voigtius
573 4417 624 4486 (De
642 4418 680 4472 IV
700 4419 781 4488 Prop.
801 4417 864 4485 lib„
887 4418 1023 4490 Helsingf.
1044 4423 1126 4485 1872,
1144 4435 1172 4486 p.
1191 4420 1237 4487 56)
1261 4417 1368 4486 aliquid
1388 4441 1423 4477 ex

250 4496 307 4568 illis
326 4499 402 4553 uerb.
418 4495 583 4552 eliciendum
598 4499 694 4571 putat;
714 4499 856 4555 Polsterus
870 4501 907 4571 (p.
924 4500 949 4569 t)
965 4499 1085 4556 coniecit
1100 4499 1241 4553 ‘mitratos
1255 4515 1305 4568 per
1319 4503 1421 4561 oxtns'.
