3067 5042
707 354 949 418 „140-

242 516 383 576 Italorum
411 518 586 577 commentis
614 519 785 596 iuquInatos
812 515 947 598 putabat,
979 517 1044 578 aliis
1077 515 1230 577 codicibus
1257 518 1287 576 iu
1315 517 1417 578 lucem

244 615 404 694 protractis
423 633 543 695 nouum,
567 623 601 675 ut
624 616 664 676 ita
688 615 793 696 dicam,
815 618 886 676 iecit
905 615 1128 676 tundamentum
1148 616 1219 674 artis
1239 616 1359 675 criticae
1382 618 1417 675 iu

243 712 399 791 Propertio
423 713 614 776 exercendae.
660 712 701 773 hc
725 713 882 774 discedunt
904 713 986 794 libri,
1014 730 1089 792 quos
1112 710 1258 792 adhibuit,
1286 715 1316 773 In
1340 713 1417 808 duas

245 810 378 890 familias,
402 828 528 888 quarum
551 812 634 889 prior
658 812 861 871 conformatur
884 810 944 871 his.

335 908 424 986 A=
450 908 522 969 cod
550 907 746 969 Vossianus
774 908 885 969 saeculi
913 906 990 989 XIV,
1018 911 1068 989 qui
1095 911 1226 988 pertinet
1253 927 1348 987 usque
1379 909 1416 968 ad

246 1006 271 1065 II
298 1004 325 1086 1,
349 1003 400 1066 63.
447 1005 542 1066 Notus
565 1015 629 1067 erat
651 1009 709 1066 iam
732 989 915 1086 Bnrmanno,
944 1009 993 1086 qui
1021 1026 1087 1067 eum
1111 1005 1286 1067 Vossianum
1310 1025 1416 1067 secun-

245 1104 315 1164 dum
336 1103 477 1183 designat.
523 1103 606 1164 F=
627 1105 699 1165 cod.
719 1104 985 1168 Laurentianus
1009 1104 1119 1165 saeculi
1137 1103 1187 1164 XV
1205 1106 1345 1185 ineuntis,
1364 1107 1417 1182 qni

246 1210 342 1262 totum
358 1200 477 1262 exhibet
489 1201 689 1280 Propertium.
726 1202 875 1264 Plurimae
894 1203 1116 1263 emendationes
1139 1203 1247 1282 partIm
1266 1221 1301 1262 ex
1324 1200 1416 1262 altera

242 1299 353 1362 'lemida
377 1302 485 1380 partim
509 1299 625 1360 aliunde
649 1301 758 1379 petitae
782 1300 831 1360 uei
855 1290 945 1380 supra
967 1300 1061 1361 lineas
1084 1300 1132 1361 uei
1154 1303 1186 1360 in
1210 1302 1341 1380 margine
1367 1301 1417 1360 ad-

246 1400 373 1476 scriptae
397 1404 469 1458 sunt
491 1415 506 1456 a
531 1415 619 1458 manu
643 1397 730 1477 paulo
755 1400 930 1459 recentiore.
1363 1446 1366 1451 .

335 1496 433 1557 Altera
453 1495 559 1555 Iamiiia
578 1495 625 1555 his
644 1503 760 1556 constat
778 1493 945 1556 codicibus:
968 1495 991 1553 V
1007 1521 1048 1545 =
1063 1495 1139 1556 cod.
1158 1491 1418 1558 ottoboniano-

247 1593 440 1655 Vaticanus
464 1593 575 1654 saeculi
598 1591 662 1653 XIV
685 1595 830 1654 exeuntis.
878 1592 910 1652 In
939 1592 995 1653 hoc
1023 1594 1101 1654 idem
1125 1595 1235 1655 iactum
1259 1602 1417 1673 astatque

246 1695 277 1753 in
301 1691 338 1752 F:
366 1699 520 1752 correctus
548 1701 594 1751 est
621 1699 651 1751 et
678 1693 718 1751 ita
745 1691 880 1772 quidem,
908 1698 942 1751 ut
969 1710 1028 1751 non
1057 1691 1153 1752 solum
1180 1694 1210 1752 iu
1235 1690 1419 1771 marginibus

247 1793 385 1868 interque
404 1789 496 1850 lineas
513 1807 608 1849 nouae
627 1788 771 1849 lectiones
785 1789 975 1871 adderentur,
994 1783 1046 1849 sed
1065 1792 1153 1851 etiam
1169 1793 1265 1850 erasis
1284 1790 1419 1869 pristinis

248 1889 405 1967 scripturis
429 1889 458 1946 iu
483 1885 645 1947 uerborum
670 1895 842 1948 contextum
865 1889 1080 1966 reciperentur.
1118 1886 1172 1946 Vhi
1191 1885 1289 1948 autem
1314 1903 1420 1947 manns

248 1988 342 2064 prima
369 1988 482 2044 ineerta
506 1993 564 2064 est,
591 1985 662 2064 quid
691 1987 856 2064 antiquitus
882 1994 1036 2046 exaratum
1060 1987 1165 2065 inerit,
1195 1986 1304 2046 indIcat
1328 1985 1351 2044 h
1376 2011 1420 2033 ε

249 2083 322 2143 eod.
346 2082 623 2142 harrentriensis
647 2083 758 2144 saeculi
781 2082 832 2144 XV
854 2085 998 2164 ineuntis,
1022 2085 1127 2162 incipit
1149 2102 1165 2143 a
1188 2084 1201 2142 I
1225 2082 1254 2163 2,
1278 2082 1327 2164 14,
1350 2101 1419 2142 cum

249 2184 279 2240 in
303 2183 387 2241 Initio
410 2199 470 2240 una
493 2180 600 2241 scheda
624 2182 756 2260 perierit.

339 2278 462 2338 Codices
486 2281 577 2356 igitur
601 2277 649 2338 DV
667 2297 703 2338 ex
724 2297 784 2340 uno
805 2279 969 2356 eodemque
993 2280 1074 2339 ionte
1097 2280 1249 2358 proiectos
1270 2281 1422 2359 propriam

250 2378 436 2438 conformare
456 2377 604 2456 familiam,
624 2395 699 2455 qrrao
718 2376 804 2437 alteri
823 2378 959 2455 opposita
976 2363 1026 2456 sit,
1049 2376 1293 2438 Baehrensins
1312 2383 1421 2437 monet.

250 2476 291 2536 be
311 2477 424 2536 ratione
443 2482 552 2557 autem,
574 2492 650 2553 quae
670 2477 748 2534 inter
768 2491 818 2534 eas
836 2474 1001 2534 intercedat
1018 2483 1050 2534 et
1068 2474 1105 2534 de
1124 2491 1226 2534 aarum
1245 2478 1422 2536 arroteritate

239 2574 323 2634 haec
341 2574 456 2652 proiert
474 2573 604 2653 prolegg.
619 2591 646 2651 p.
662 2571 724 2633 VII:
749 2568 912 2631 ‘NImirnm
930 2571 1075 2650 quidquid
1094 2575 1124 2631 in
1144 2571 1245 2632 multis
1264 2575 1422 2652 seripturis

251 2672 441 2750 dissentiunt,
460 2673 489 2730 in
510 2669 648 2730 omnihus
666 2679 764 2730 tamen
784 2667 972 2747 grauioribus
990 2669 1081 2729 rebus
1100 2668 1227 2732 fideliter
1241 2672 1423 2732 concordant

252 2772 495 2849 oonspimutque,
524 2775 653 2853 suntque
677 2765 897 2845 discrepantiae
925 2766 1012 2846 tales,
1040 2767 1142 2845 qaraIes
1165 2770 1294 2828 existere
1318 2770 1423 2848 soient,

252 2868 303 2929 uhi
331 2867 408 2928 idem
437 2866 550 2926 libera
577 2865 694 2925 duobus
720 2865 856 2925 dlueraae
885 2864 993 2951 indolis
1020 2864 1190 2924 hominibus
1217 2862 1422 2929 describitur'.

253 2967 349 3044 Atque
377 2964 453 3024 inlra
477 2983 504 3043 p.
529 2961 582 3024 XI:
611 2958 665 3022 ‘Et
687 2965 718 3022 ln
740 2964 916 3023 uniuersum
945 2963 1064 3041 quidem
1091 2972 1263 3042 apparatum
1286 2968 1424 3026 criticum

253 3064 447 3143 perlustranti
466 3071 588 3141 apparet
602 3063 721 3139 ntrIque
738 3061 863 3122 iamiIiae
883 3079 937 3140 par
952 3061 1162 3122 uindicandum
1180 3065 1310 3142 pretium
1325 3082 1424 3143 neque

254 3181 319 3223 esse
344 3179 398 3222 cur
422 3160 542 3219 aiteram
566 3176 636 3238 prae
661 3159 752 3219 altera
775 3155 973 3220 extoliamus'.
1011 3160 1070 3220 Sed
1090 3179 1127 3220 ne
1146 3162 1209 3239 ipse
1229 3162 1350 3240 quIdem
1368 3161 1424 3221 hac
1516 3230 1517 3235 .

253 3264 284 3320 in
309 3277 341 3319 re
366 3257 421 3318 sibi
445 3265 569 3338 constat,
593 3273 660 3315 cnm
684 3275 729 3315 ex.
753 3275 797 3334 gr.
820 3276 848 3336 p.
872 3256 979 3316 XXXII
1008 3259 1127 3318 codices
1151 3256 1174 3317 D
1198 3268 1228 3319 et
1250 3259 1274 3318 F
1295 3263 1424 3340 optimos

255 3357 342 3438 dieat,
365 3358 396 3414 in
419 3355 499 3415 Misc.
519 3353 590 3414 Crit.
607 3373 633 3432 p.
649 3351 692 3416 83
715 3353 762 3413 Ax
787 3354 924 3414 familiam
948 3356 1108 3416 meliorem.
1146 3355 1302 3417 Summum
1325 3365 1423 3417 autem

253 3465 310 3536 est,
333 3453 412 3534 quod
437 3471 472 3512 ex
496 3452 542 3512 his
565 3459 705 3531 quattuor
729 3451 814 3513 libris
836 3462 918 3514 recte
941 3453 1081 3514 adhibitis
1106 3485 1143 3496 -
1170 3469 1267 3530 neque
1290 3455 1423 3511 enimin

255 3554 277 3613 P
301 3561 331 3613 et
354 3552 377 3608 V
400 3570 416 3610 a
440 3568 527 3610 manu
551 3551 645 3629 prima
669 3551 869 3612 recedendum
893 3569 959 3611 esse
985 3585 1022 3594 -
1049 3550 1240 3627 archetypum
1268 3566 1335 3606 esse
1358 3545 1423 3605 red-

255 3648 462 3729 integrandum
495 3649 655 3709 contendit.
711 3649 829 3710 Manum
863 3649 941 3708 enim
971 3648 1093 3708 aiteram
1125 3662 1184 3704 non
1216 3643 1311 3702 solum
1342 3645 1373 3702 ln
1401 3642 1424 3702 F

256 3749 380 3811 familiae
396 3746 445 3806 DV
458 3747 600 3807 lectiones
615 3755 665 3807 aut
679 3749 709 3806 In
725 3745 748 3805 V
762 3766 821 3828 eas,
836 3763 910 3825 quas
923 3745 1015 3804 altera
1029 3745 1120 3821 stirps
1138 3742 1273 3819 proprias
1292 3739 1424 3819 haberet,

255 3845 401 3926 intulisse,
425 3845 476 3904 sed
500 3847 588 3905 etiam
612 3853 642 3905 et
661 3847 691 3904 in
713 3843 735 3903 F
755 3851 785 3904 et
803 3847 834 3903 in
855 3842 877 3900 V
896 3839 1003 3900 multas
1026 3846 1126 3898 extare
1149 3837 1296 3897 secundae
1319 3857 1423 3899 manus

257 3947 422 4023 scripturas
446 3961 480 4002 ex
506 3962 586 4003 mera
605 3945 777 4003 coniectura
796 3949 826 4000 et
844 3939 1000 4000 temeraria
1019 3933 1244 4014 InterpoIatione
1267 3938 1423 4014 proiectas.

256 4043 310 4103 Iiis
339 4059 406 4102 eum
434 4043 570 4119 genuinis
597 4039 775 4100 lectionibus
802 4036 958 4114 permetis
985 4035 1070 4093 natos
1097 4051 1162 4094 esse
1189 4033 1307 4094 codices
1333 4037 1422 4095 inter-

257 4141 379 4220 polatos.
426 4138 560 4208 Quorum
588 4140 716 4216 primum
744 4152 810 4194 esse
838 4131 1062 4210 Neapolitanum
1090 4149 1157 4192 cum
1186 4129 1232 4190 ir
1258 4142 1423 4211 cognatum.

258 4240 415 4299 Praeterea
443 4235 593 4296 nonnuliis
619 4234 692 4294 Iocis
719 4233 785 4291 siue
812 4230 848 4290 de
877 4247 932 4289 suo
960 4232 1024 4290 siue
1047 4247 1084 4289 ex
1111 4231 1193 4291 ionte
1216 4230 1301 4290 nohis
1323 4233 1424 4310 ignoto

257 4346 371 4397 temere
399 4341 529 4394 mutasse
557 4331 635 4391 lilius
661 4329 828 4409 librarium,
854 4337 889 4389 ut
912 4328 1077 4390 cauendum
1104 4337 1196 4408 esset,
1224 4345 1260 4390 oe
1289 4329 1360 4407 qnid
1384 4329 1425 4390 ihi

258 4435 403 4512 genuinae
428 4431 593 4508 scripturae
617 4429 693 4489 sorte
717 4435 869 4489 seruatum
893 4446 959 4488 esse
983 4436 1189 4490 statueremus.
