3067 5042
687 409 928 473 -180-

227 572 280 649 uti,
304 578 338 630 ut
360 587 465 629 uocem
491 565 592 630 ‘findo'
618 570 766 632 trochaice
792 579 924 653 poneret,
948 573 1075 632 affirmat
1097 571 1128 632 L.
1152 572 1321 633 Muellerus.
1360 573 1403 634 Cl.

225 670 314 727 etiam
338 666 542 746 Esohenburg.
567 687 594 748 p.
614 667 707 747 22sq.
745 669 852 730 Exulat
876 673 966 749 igitur
990 691 1018 731 u.
1043 670 1079 730 ab
1102 670 1152 731 illo
1175 670 1251 731 libro
1275 673 1402 732 sortasse

225 773 348 844 propter
371 764 446 824 hanc
470 766 564 845 ipsam
589 755 730 848 causam,¹
752 769 830 846 quod
855 768 995 829 librarius
1018 777 1146 829 metrum
1171 787 1237 828 esse
1261 771 1426 830 uitiosum·

225 862 358 923 credidit.
384 897 425 906 —
450 863 593 943 Sequitur
616 864 709 945 locuS,
732 866 769 926 de
794 885 852 944 quo
876 867 971 927 fusius
996 865 1081 927 nobis
1104 867 1262 928 dicendum
1286 877 1340 928 est.

182 1006 460 1103 ts1122‚47sqq.:
485 1024 599 1095 Quanta
623 1025 705 1086 illum
730 1035 794 1086 toto
816 1034 939 1087 uersant
962 1029 1090 1105 suspiria
1114 1026 1204 1088 lecto!

527 1122 601 1182 Cum
625 1125 728 1204 recipi,
753 1143 842 1202 quem
866 1143 927 1187 non
949 1127 1069 1186 nouerit
1092 1124 1149 1205 illa,
1172 1134 1265 1204 putat.

481 1220 519 1280 Et
542 1239 648 1282 rursus
671 1240 799 1300 puerum
824 1222 994 1300 quaerendo
1018 1222 1117 1283 audita
1141 1223 1257 1302 fatigat,

527 1318 630 1398 Quem,
655 1337 730 1398 quae
754 1322 832 1380 seire
856 1322 950 1399 timet,
973 1337 1118 1397 quaerere
1142 1319 1227 1398 plura
1251 1320 1342 1382 iubet.

224 1476 265 1538 De
296 1496 323 1537 u.
348 1473 390 1538 48
415 1496 536 1556 agemus
560 1497 588 1557 p.
614 1477 725 1558 187sq.
773 1479 870 1540 Etiam
893 1498 921 1539 ιι.
945 1474 989 1538 50
1012 1481 1084 1538 satis
1107 1489 1267 1558 corruptus
1296 1491 1342 1542 est
1371 1483 1401 1541 in

223 1575 321 1656 libris;
349 1574 371 1634 F
396 1579 474 1636 ellim
502 1577 625 1656 praebet
659 1573 765 1649 ‘Quem
795 1595 869 1656 quae
899 1608 940 1617 -
970 1570 1049 1655 lata',
1077 1575 1129 1634 DV
1158 1571 1252 1646 ‘Quae
1280 1596 1401 1656 quoque

226 1707 267 1715 -
291 1669 397 1752 plura'.
435 1674 478 1734 Ah
497 1673 522 1734 N
542 1683 623 1735 totus
642 1693 750 1735 uersus
770 1674 862 1754 abest,
885 1674 964 1734 unde
984 1693 1052 1735 cum
1072 1672 1289 1735 lleimreichius
1313 1693 1341 1753 p.
1359 1673 1401 1734 10

226 1775 360 1850 spurium
381 1783 484 1834 censet
503 1775 680 1834 sententiam
701 1781 866 1832 contortam
885 1773 1031 1851 longeque
1051 1775 1207 1851 repetitam
1223 1791 1288 1833 esse
1307 1780 1400 1833 ratus.

136 1927 139 1932 .
224 1870 319 1941 Quam
358 1870 571 1932 dubitationem
605 1863 703 1931 causis
735 1888 839 1948 parurn
874 1868 999 1930 stabiliri
1035 1866 1067 1928 L.
1099 1869 1260 1930 Muellerus
1292 1863 1401 1952 (prael.

222 1988 251 2047 p.
275 1963 385 2050 XXIX)
415 1968 643 2048 demonstrauit,
677 1970 761 2028 cuius
794 1968 937 2028 iudicium
971 1966 1056 2045 plane
1089 1967 1198 2047 probo,
1232 1970 1288 2027 nisi
1306 1970 1400 2048 >quod

223 2084 347 2127 uersum
370 2069 513 2127 omissum
537 2075 609 2145 puto
634 2066 727 2126 eade
752 2083 854 2145 causa,
883 2064 961 2143 quod
990 2067 1020 2123 in
1044 2063 1204 2143 archetypo
1232 2066 1401 2144 complures

224 2164 367 2224 lectiones
387 2166 608 2243 superscriptae
629 2163 676 2224 uel
696 2164 861 2242 adscriptae
884 2170 978 2242 crant,
1001 2169 1043 2240 ut,
1067 2161 1207 2241 quidnam
1232 2163 1401 2244 eligendum

223 2273 318 2342 esset,
346 2261 485 2322 librarius
514 2263 652 2322 nesciret.
698 2261 891 2339 Aptissimum
919 2262 1010 2338 igitur
1038 2260 1107 2319 huic
1134 2262 1237 2320 uersui
1260 2261 1309 2320 hic
1333 2281 1399 2322 esse

224 2359 321 2420 locum
346 2377 463 2440 censeo,
488 2377 554 2419 cum
574 2361 605 2418 in
625 2358 684 2439 tali,
707 2358 802 2437 qualis
822 2376 838 2417 a
856 2366 944 2436 poeta
963 2358 1084 2435 lingitur
1103 2375 1205 2417 rerum
1225 2357 1400 2419 condicione

224 2457 353 2517 dilucide
382 2457 521 2535 depingat
548 2458 687 2516 amatoris
715 2459 846 2516 altimum
877 2455 1026 2514 desiderio
1059 2453 1220 2533 doloreque
1253 2457 1401 2536 allectum,

224 2557 275 2633 qni
299 2557 379 2633 suis,
403 2563 436 2614 ut
459 2556 498 2613 ita
523 2553 631 2633 dicam,
660 2553 782 2614 auribus
804 2570 911 2632 parum
934 2552 1089 2612 confidens
1109 2555 1219 2624 iterum
1243 2572 1259 2612 e
1282 2553 1401 2614 domina

225 2671 370 2740 quaerere
394 2651 549 2714 seruolum
572 2650 669 2731 iubet,
694 2670 769 2729 quae
793 2653 929 2729 quamuis
952 2651 1066 2710 inuitus
1089 2652 1146 2708 iam
1171 2650 1293 2711 audiuit.
1339 2650 1400 2728 Age
1510 2668 1516 2685 ¹*

223 2768 302 2810 nuno
332 2750 500 2829 uideamus,
528 2748 675 2826 quomodo
703 2745 896 2830 scribendum
925 2751 972 2808 sit.
1018 2746 1089 2806 Sine
1116 2747 1206 2808 dubio
1235 2747 1264 2807 id
1293 2766 1401 2808 nerum

223 2856 283 2928 est,
313 2848 392 2926 quod
421 2846 510 2906 habet
533 2846 555 2905 F
579 2841 625 2928 (et
647 2839 698 2929 Ψ)
726 2842 835 2917 ‘Quem
863 2841 950 2924 quae'
979 2839 1077 2928 (Quae
1103 2864 1222 2924 quoque
1246 2840 1328 2927 DV);
1356 2846 1400 2904 io-

224 2949 335 3007 certior
358 2965 407 3006 res
432 2954 477 3006 est
499 2947 530 3005 in
554 2946 611 3005 fine
636 2963 751 3005 uersus
787 2944 941 3005 Palmcrus
961 2944 1134 3004 recordatus
1157 2943 1247 3003 huius
1270 2942 1339 3003 libri
1363 2941 1398 3001 el.

223 3041 244 3103 2
261 3064 288 3104 ιι.
304 3042 335 3124 4,
358 3043 409 3104 ubi
427 3043 453 3104 N
473 3061 526 3122 pro
551 3037 653 3105 ‘lurta'
677 3041 766 3102 hahet
786 3030 877 3122 ‘lata',
901 3042 981 3121 quod
1003 3041 1052 3101 hic
1071 3047 1117 3100 est
1135 3043 1166 3099 in
1186 3039 1217 3118 F,
1240 3039 1400 3118 legendum

222 3144 363 3220 proponit
391 3135 503 3219 ‘surta'‚
531 3151 564 3201 ut
591 3139 713 3220 perfidia
741 3139 857 3219 puellae
885 3139 976 3200 alium
999 3139 1170 3217 recipientis
1201 3138 1400 3218 significetur3

223 3238 330 3299 deinde
349 3237 492 3303 Beroaldi
510 3247 710 3298 commentum
735 3232 857 3298 ‘dicere'
879 3235 1060 3317 comprobat.
1098 3235 1278 3296 Baehrensio
1302 3236 1400 3316 placet

224 3336 350 3397 familiae
369 3335 422 3394 DV
442 3331 559 3416 ‘plura'‚
578 3355 632 3414 pro
652 3330 821 3415 ‘quaerere’
841 3344 941 3397 autem
958 3335 1067 3396 conicit
1082 3329 1251 3413 ‘promere'.
1289 3334 1399 3396 Contra

223 3434 295 3520 milri
328 3441 448 3513 recepta
481 3433 607 3494 lectione
641 3429 750 3514 ‘plura'
783 3436 947 3494 mutatione
979 3433 1099 3492 omnino
1132 3450 1191 3492 non
1224 3451 1300 3511 opus
1332 3451 1399 3493 esse

224 3531 360 3614 uidetur,
384 3533 522 3611 quoniam
546 3532 618 3592 nihil
642 3532 752 3613 obstat,
782 3533 941 3611 quominus
964 3546 1092 3609 puerum
1116 3547 1133 3587 a
1155 3532 1265 3589 iuuene
1288 3531 1399 3589 iterum
1487 3551 1491 3560 ·

225 3629 261 3690 ad
285 3630 434 3690 dominam
462 3632 585 3691 missum
615 3649 681 3691 esse
709 3629 796 3690 nobis
824 3629 982 3706 tingamus,
1009 3635 1056 3704 ut,
1085 3643 1143 3703 qua
1171 3625 1207 3684 de
1236 3645 1324 3686 causa
1349 3627 1399 3688 illa

227 3730 332 3788 uenire
352 3727 450 3808 nollet,
474 3736 710 3808 percontaretur,
730 3745 786 3787 neo
805 3724 967 3804 quaerendi
985 3723 1113 3783 uerbum
1132 3715 1292 3802 repetitum
1311 3743 1400 3785 aures

226 3825 383 3886 admodum
402 3811 510 3906 laedit3
534 3827 570 3886 cl.
595 3815 725 3904 uersum,
751 3841 840 3902 quem
865 3821 896 3884 L.
920 3821 1080 3882 Muellerus
1103 3822 1121 3881 l.
1145 3840 1235 3901 supra
1259 3822 1276 3882 l.
1300 3824 1398 3885 affert:

223 3923 281 3984 Ou.
306 3923 393 3983 Trist.
415 3922 426 3982 l
449 3922 481 3984 1:
511 3923 543 3983 Si
566 3925 632 3997 quis
655 3925 705 3997 qui
729 3920 800 3997 quid
820 3938 902 3998 agam
926 3920 1003 3979 forte
1026 3922 1159 3996 requirat
1178 3924 1243 3982 erit.
1289 3921 1399 3981 Contra

227 4024 254 4081 si
278 4016 401 4080 ‘dicere'
426 4021 475 4081 uel
498 4014 660 4098 ‘promere'
687 4019 809 4099 prohaS,
836 4039 866 4080 u.
890 4015 933 4080 50
960 4018 1038 4080 idem
1067 4021 1129 4079 iere
1157 4019 1269 4079 dictum
1297 4027 1343 4079 est
1366 4038 1401 4080 ac

223 4136 253 4176 u.
279 4115 330 4178 49.
377 4117 479 4196 ltaque
513 4135 549 4177 ex
582 4119 673 4179 uariis
702 4118 839 4178 codicum
872 4120 1030 4197 scripturis
1062 4127 1093 4178 et
1124 4119 1297 4177 criticorum
1329 4136 1398 4177 con-

223 4217 346 4276 iecturis
369 4219 408 4276 ita
425 4234 541 4277 -uersus
564 4215 676 4296 prodit:

296 4405 301 4415 ,
398 4340 506 4422 Quem,
530 4356 605 4420 quae
630 4345 707 4403 scire
731 4345 830 4426 timet,
853 4362 997 4422 quaerere
1020 4342 1106 4422 plura
1130 4342 1222 4403 iubet.

309 4482 368 4542 lam
383 4482 557 4546 accedamus
573 4487 607 4546 ad
621 4505 673 4548 eos
689 4485 780 4570 locos,
794 4485 846 4547 ubi
862 4505 1004 4549 rrersnum
1020 4488 1181 4566 particulae
1196 4484 1262 4547 inN
1277 4486 1394 4548 desunt.
