3067 5042
560 390 797 460 -tto-

54 563 151 616 »otus
184 564 287 616 nocte
311 551 388 633 uag?
411 557 585 636 inuenisset,
609 573 645 614 ex
665 553 868 622 antecedentis
893 553 967 632 eleg.
988 573 1016 614 ιι.
1036 549 1078 614 59
1097 550 1168 613 illud
1187 547 1261 612 ‘lux'

55 663 282 736 nsereretur,
306 653 412 714 deinde
436 673 452 713 a
475 662 645 714 correctore
674 652 746 712 ltalo
775 646 885 712 ‘modo'
910 659 1080 712 mutaretur
1110 653 1141 710 in
1165 646 1262 711 ‘mea⁷.

54 752 135 830 [legi
165 754 275 831 igitur
298 752 377 813 rrult:
402 746 552 812 ‘Extrema
575 750 662 812 modo
682 769 749 811 oum
773 758 916 830 perpotns
931 770 958 811 n.
974 745 1023 811 n‚'.
1055 749 1092 810 nt
1116 749 1263 828 quomodo

54 851 147 927 orior
183 849 243 908 ille
278 849 472 928 interpolator
500 848 535 909 ad
565 848 699 908 lacunam
728 848 902 927 explendam
931 849 1063 910 incidere
1092 855 1209 926 poterat
1232 849 1263 907 in

54 965 145 1006 nnnc
175 966 222 1028 u.,
251 949 426 1024 praesertim
451 965 519 1006 cnm
542 945 590 1005 illa
615 945 753 1006 allocutio
777 949 817 1026 ei,
841 947 878 1006 de
902 964 961 1025 quo
986 949 1114 1026 agimus,
1139 947 1263 1005 carmini

54 1063 94 1103 ne
126 1048 307 1106 conueniat
336 1041 477 1123 quidem?
522 1043 647 1124 Deinde,
676 1061 854 1122 quamquam
882 1063 987 1104 [rocem
1017 1038 1127 1105 ‘modo'
1156 1043 1193 1102 de
1219 1061 1264 1103 re·

54 1145 204 1203 motiore
235 1161 355 1222 quoque
380 1151 512 1221 ternpore
533 1143 671 1219 usurpari
691 1125 749 1201 non
770 1160 854 1223 nego,
878 1161 996 1223 uereor,
1020 1152 1053 1202 ut
1072 1142 1129 1202 hoc
1149 1141 1167 1201 l.
1185 1141 1263 1200 idem

56 1258 95 1298 ac
132 1235 280 1319 ‘nuper'
310 1240 409 1320 rralere
438 1243 540 1320 possit.
586 1238 714 1298 Facilius
742 1242 834 1318 igitur
860 1242 986 1301 fortasse
1015 1242 1143 1300 conicias
1167 1238 1264 1299 uerba
1292 1236 1293 1247 ’

58 1333 174 1396 ‘modo
208 1332 275 1398 lux'
304 1357 320 1397 e
350 1337 477 1399 lectione
505 1339 632 1417 genuina
661 1346 801 1416 corrupta
830 1357 895 1398 esse
928 1371 964 1380 -
996 1340 1052 1397 iam
1080 1337 1264 1416 Fonteinius,

59 1439 117 1495 uir
149 1438 324 1497 acutissimi
354 1439 478 1518 ingenii,
512 1434 701 1496 scribendum
730 1439 886 1514 proposuit
914 1431 1048 1495 ‘infelix'
1081 1469 1117 1478 ·-
1149 1444 1200 1494 aut
1229 1453 1266 1494 cx

62 1537 353 1614 interpretamento
377 1535 499 1612 antiquo
523 1535 580 1592 iam
604 1540 738 1617 tempore
762 1533 798 1592 ad
819 1551 908 1594 croces
926 1530 1070 1595 ‘extrema
1089 1527 1189 1593 nocte'
1212 1532 1261 1591 ad·

70 1634 194 1711 scripto
216 1635 386 1710 irrepsisse.
425 1630 492 1709 Sed,
516 1637 583 1691 utut
598 1648 646 1690 res
662 1648 693 1690 se
708 1630 805 1711 habet,
828 1631 885 1692 hoo
903 1640 1040 1693 constare
1056 1632 1127 1692 mihi
1143 1632 1262 1691 uidetur

69 1725 192 1789 ‘modo’
210 1729 247 1790 ad
270 1731 424 1808 pristinam
438 1730 657 1807 genuinamque
673 1731 851 1807 scripturam
872 1733 994 1809 propius
1012 1729 1154 1789 accedere
1174 1749 1263 1808 quam

73 1823 181 1908 ‘mea',
207 1827 289 1906 quod
314 1827 479 1888 secundum
499 1843 603 1886 nocem
623 1820 696 1886 ‘lux’
715 1836 885 1888 correctum
905 1846 970 1887 esso
989 1827 1170 1887 Baehrensio
1193 1846 1262 1888 con-

74 1927 236 1985 cesserim,
285 1924 440 1995 Quomodo
468 1932 567 1984 antem
595 1931 676 1983 totus
700 1943 728 1985 u.
752 1928 783 1984 in
806 1927 956 2004 integrum
985 1924 1189 1985 restituendus
1212 1927 1260 2006 sit,
1351 1950 1354 1957 ·

76 2023 180 2083 adhuc
205 2021 331 2082 dubium
357 2022 428 2083 milri
452 2017 534 2102 e'st.¹)

173 2119 239 2180 Hic
263 2120 439 2200 agendum
463 2119 567 2179 nobis
591 2129 645 2179 est
668 2123 776 2186 etiam
799 2121 840 2179 de
863 2122 909 2179 iis
932 2119 1118 2200 uersibus,
1146 2123 1206 2198 qui
1229 2122 1265 2181 in

79 2219 108 2278 N
133 2227 194 2280 ant
218 2237 368 2297 prorsus
392 2221 514 2278 omissi
538 2227 598 2279 aut
621 2221 736 2279 manci
764 2226 857 2277 sunt.
904 2217 1021 2277 Etenim
1046 2215 1264 2277 Hcimreichiu's

84 2318 248 2398 Hauptium
269 2325 400 2396 secutus,
424 2315 578 2395 quodiam
598 2318 628 2375 in
648 2317 771 2395 praelat.
790 2317 973 2396 monuimus,
990 2322 1137 2394 quotquot
1155 2333 1263 2376 uersus

86 2415 138 2474 uel
161 2433 304 2475 uersuum
327 2412 489 2492 particulae
505 2413 653 2502 ‘abessent
671 2433 687 2472 a
706 2412 745 2494 N,
773 2412 945 2491 legerentur
969 2416 999 2472 in
1023 2412 1147 2493 reliquis
1170 2413 1267 2491 libris,

89 2532 123 2572 ea
154 2528 265 2590 crassa,
299 2520 332 2572 ut
360 2513 456 2590 aiunt,
489 2510 622 2571 Minerua
651 2511 766 2590 expleta
795 2529 859 2572 esse
890 2513 956 2572 iure
989 2511 1177 2571 contendisse
1208 2510 1265 2570 sibi

92 2614 175 2671 uisus
199 2619 252 2674 est.
291 2609 348 2669 Sed
373 2609 453 2670 nullo
474 2612 591 2689 negotio
611 2611 809 2671 demonstrari
831 2618 931 2689 potest
949 2627 1027 2691 enm,
1050 2611 1136 2670 cuins
1155 2608 1264 2668 iudicio

97 2709 144 2769 alii
166 2708 416 2788 subscripserunt,
439 2710 470 2767 in
490 2708 676 2769 defendendo
692 2708 877 2788 Neapolitani
895 2709 1008 2769 honore
1030 2709 1151 2769 modum
1170 2717 1266 2769 trans-

97 2809 161 2868 isse.
197 2805 326 2866 Primum
352 2807 429 2863 enim
455 2807 601 2865 sententia
626 2805 818 2866 Hcimreichii
842 2825 876 2865 ea
900 2825 932 2865 re
957 2806 1161 2885 labefactatur,
1185 2805 1263 2884 quod

100 2903 170 2962 dnos
196 2918 300 2961 uersus
332 2898 457 2976 simplici
491 2898 604 2959 librarii
638 2919 739 2962 errore
772 2902 959 2962 intercidisse
991 2903 1180 2963 manifestum
1209 2910 1266 2963 est.

101 2999 170 3060 Nam
191 2999 222 3060 L.
244 2997 403 3058 Muellerus
427 2996 466 3056 ob
489 2995 599 3057 nullam
624 2998 708 3059 aliam
732 3017 851 3058 causam
875 2997 915 3058 lll
941 2997 991 3079 10,
1015 2997 1054 3059 17
1080 3008 1109 3060 et
1136 2997 1175 3058 18
1200 3017 1215 3058 a
1239 2997 1264 3058 N

102 3097 198 3158 abesse
220 3098 373 3157 uerissime
398 3094 482 3174 dicit,
510 3111 598 3172 quam
627 3097 696 3174 quia
724 3096 863 3158 librarius
886 3097 980 3156 oculis
1004 3096 1041 3156 ab
1064 3099 1145 3156 exitu
1169 3115 1197 3156 u.
1225 3093 1264 3156 16

104 3189 210 3277 (capnt)
233 3193 266 3254 ad
290 3212 318 3252 n,
344 3189 385 3253 18
410 3194 440 3250 in
465 3191 587 3250 eandam
614 3212 720 3253 uocem
749 3194 934 3256 desinentem
959 3193 1152 3255 aberrauerit.
1198 3193 1265 3253 Non

106 3296 189 3371 magis
214 3298 368 3370 suspectus
397 3300 442 3348 est
471 3289 604 3349 eiusdem
632 3291 700 3352 libri
724 3292 759 3353 el.
783 3291 819 3354 11
848 3313 877 3355 u.
895 3289 952 3366 583
984 3292 1140 3353 Femineas
1168 3292 1266 3352 timuit

110 3393 201 3451 territa
226 3388 316 3464 Marte
346 3383 463 3447 minas?
480 3389 552 3476 etsi
578 3406 682 3469 causa,
715 3408 770 3451 cur
797 3393 827 3451 in
855 3391 905 3450 illo
934 3390 1035 3451 codice
1064 3390 1154 3470 desit,
1186 3389 1265 3449 latet.

110 3488 244 3550 Palmerus
267 3483 445 3547 uocabulum
475 3488 554 3546 inter
579 3483 706 3548 ‘territa'
730 3497 760 3550 et
785 3484 902 3548 ‘minas'
926 3491 956 3549 in
986 3488 1145 3568 archetypo
1176 3491 1267 3550 inter·

112 3587 205 3647 cidisse
236 3587 400 3664 suspicatus
434 3583 605 3645 dubitanter
638 3587 766 3646 coniecit
799 3580 929 3664 ‘turpc'3
966 3585 1018 3644 sed
1056 3595 1135 3645 stare
1169 3593 1269 3664 potest

80 3687 81 3690 ’
114 3679 236 3765 ‘Marte',
261 3683 405 3763 quidquid
434 3681 651 3744 Hcimreichius
685 3692 788 3744 contra
821 3683 961 3761 disputat.
1006 3681 1144 3741 Fortasse
1175 3683 1267 3759 igitur

84 3842 86 3846 ,
117 3783 190 3842 simili
214 3781 244 3842 de
273 3800 360 3842 causa
388 3814 425 3823 -
451 3783 481 3840 in
506 3779 528 3838 F
553 3775 683 3842 ‘timuit'
713 3784 856 3842 omissum
882 3789 928 3838 est
954 3812 991 3822 —
1020 3798 1046 3838 u.
1070 3781 1128 3837 iam
1152 3796 1168 3838 a
1191 3777 1265 3837 Nea·

118 3880 220 3960 politani
240 3881 319 3940 sonte
344 3879 453 3939 aberat.
499 3877 594 3939 Etiam
619 3874 780 3958 1119‚35
1313 3860 1348 3915 s

292 4003 358 4065 Non
382 4023 436 4082 ego
461 4003 584 4064 nelilera
608 4003 755 4086 tumidum
779 4020 859 4062 mare
883 4003 962 4062 findo
986 4004 1085 4063 carina

124 4128 310 4190 Hcimreiclrius
329 4149 356 4209 p.
379 4128 416 4189 11
439 4136 601 4210 suspectat,
624 4145 801 4208 quamquam
821 4145 926 4188 sanum
945 4145 1014 4188 eum
1033 4125 1176 4205 praebere
1200 4145 1266 4185 sen·

125 4245 177 4287 sun]
196 4230 248 4306 ipse
271 4227 415 4286 concedit.
453 4225 539 4285 Nullo
564 4229 654 4304 igitur
678 4225 734 4285 alio
753 4233 928 4302 argumento
948 4226 1048 4304 opinio
1068 4226 1132 4285 eius
1151 4226 1266 4302 nititur,

127 4342 196 4403 quan
215 4325 284 4404 quod
308 4343 336 4386 u.
360 4326 391 4383 in
414 4323 439 4384 N
463 4324 554 4384 deest.
597 4323 732 4384 Potuisse
761 4325 841 4382 enim
868 4322 1059 4401 Propertium
1087 4340 1120 4381 ea
1148 4321 1268 4380 licentia

135 4507 137 4512 ,
185 4481 205 4547 1)
221 4477 253 4534 Gi.
273 4479 361 4534 etiam
380 4493 421 4545 eo,
441 4493 513 4546 quae
532 4478 565 4531 de
585 4477 668 4533 huius
686 4477 722 4534 el.
741 4477 796 4532 fine
815 4474 901 4557 s'ppra
919 4476 1129 4546 disputauimus.

1002 4565 1056 4619 12*
