3067 5042
714 411 956 475 -146-

249 566 393 655 (argium)
414 581 443 634 ct
461 572 486 633 N
505 567 640 655 (ogynni)
660 569 814 653 ‘Argynni'
836 573 994 652 legendum
1013 573 1132 634 uidetur
1152 607 1193 617 —
1205 574 1262 634 div
1281 575 1426 636 exhibent
1517 584 1524 641 ¹':

250 667 409 752 ‘argiuum'
435 705 473 714 -
499 671 605 732 deinde
634 690 702 732 cum
730 672 754 730 V
778 667 892 742 ‘Quae'
919 703 957 714 -
983 667 1080 743 ‘Qua'
1109 675 1203 733 ceteri
1228 696 1283 754 -3
1311 676 1425 752 optime

250 774 329 831 enim
352 773 395 831 sic
418 770 504 831 litore
528 772 624 831 notari
647 769 798 850 dicuntur,
821 788 879 849 quo
902 771 933 830 in
957 769 1051 830 uerbo
1074 769 1227 850 opprobrii
1247 772 1425 850 significatio

250 873 336 929 inest.
384 868 537 940 Quomodo
566 876 664 929 eutem
697 878 829 930 extrema
861 887 969 929 uersus
1001 868 1093 928 uerbo
1127 863 1283 930 ‘minentis
1316 866 1425 948 aquae'

250 967 432 1028 emendenda
451 968 518 1048 sint,
543 985 639 1046 neque
659 966 732 1029 mihi
751 985 848 1046 neque
872 966 935 1028 aliis
955 975 1079 1028 constat.
1116 966 1218 1046 Neque
1235 970 1314 1029 enim
1329 971 1425 1045 magis

250 1085 338 1145 quam
361 1065 418 1125 hoc
441 1065 513 1126 ferri
537 1074 649 1146 potest,
674 1066 751 1145 quod
772 1065 977 1126 Lachmannus
995 1067 1124 1147 inuenit,
1148 1061 1282 1126 ‘minacis
1306 1061 1425 1147 equae’‚
1521 1127 1526 1141 ⁵

249 1167 317 1243 quia
336 1163 390 1224 hae
406 1182 496 1224 uoces
515 1183 530 1224 a
551 1163 738 1225 substantiuo
758 1159 877 1244 ‘litora',
892 1163 927 1223 ad
943 1164 1021 1243 quod
1041 1166 1202 1260 pertipcnt,
1226 1166 1314 1224 nimis
1333 1164 1423 1242 longe
1521 1197 1528 1252 ,ᾗ

248 1271 378 1323 remotae
403 1273 480 1324 sunt.
518 1262 595 1322 Alias
619 1264 815 1344 coniecturas,
839 1281 915 1343 quae
934 1263 1037 1323 eodem
1057 1248 1286 1342 iilo⁴ltypcrbdti
1303 1264 1423 1323 distorti

248 1363 322 1421 uitio
342 1359 486 1442 laborent,
505 1362 617 1421 omitto.
656 1359 841 1439 iugeniosius
860 1360 967 1421 deinde
987 1379 1074 1439 quam
1093 1345 1422 1439 uerius'iiertzbergius

248 1462 412 1545 proposuit
428 1453 700 1539 ‘Athamantiadae',
724 1479 793 1520 cum
815 1478 921 1539 parum
943 1458 992 1519 hic
1015 1459 1124 1519 referat
1148 1458 1320 1538 drgynnum
1334 1459 1423 1519 Atha-

249 1560 355 1618 mantis
385 1564 580 1637 pronepotem
611 1575 691 1638 esse‚
715 1559 765 1618 sed
795 1559 895 1637 potius
924 1554 1109 1617 adumbratio
1137 1559 1241 1617 mortis
1269 1557 1347 1619 iltius
1371 1558 1422 1616 de·
1524 1586 1533 1643 g

247 1656 405 1739 sideretur.
452 1655 606 1726 Quomodo
631 1664 729 1716 eutem
753 1654 952 1716 Baehrensius
976 1674 992 1714 e
1016 1663 1184 1716 commento
1209 1675 1277 1716 suo:

478 1763 540 1834 Qua
566 1771 648 1824 notat
670 1763 829 1843 Argynnus
852 1781 977 1842 poenam
1000 1762 1141 1824 inhiantis
1165 1781 1258 1842 aquae

246 1872 385 1932 idoneum
409 1889 529 1931 sensum
554 1871 660 1950 eiiciet,
684 1889 737 1948 ego
762 1871 881 1949 assequi
904 1889 964 1930 non
987 1888 1117 1949 possum.
1135 1903 1173 1912 -
1190 1870 1324 1948 lienique
1342 1869 1421 1929 addo

246 1991 271 2030 v.
296 1967 338 2031 23
363 1969 553 2030 scribendum
577 1987 643 2029 csse
668 1963 745 2028 ‘Hic'
770 1962 845 2050 (Nec
869 1967 907 2048 03
931 1967 994 2028 Hoc
1017 1961 1146 2050 ΜΨ),
1171 1968 1248 2048 quod
1273 1968 1422 2028 diuineuit

246 2068 461 2142 Lachmannus,
486 2067 702 2128 demonstrauit
726 2065 970 2127 Schneidewinus
994 2086 1022 2146 p.
1042 2063 1116 2128 380.

195 2187 199 2194 ’
246 2193 285 2252 iii
303 2191 351 2273 16,
367 2191 459 2272 28sq.
527 2169 580 2252 Me¹
597 2200 676 2272 tegat
699 2177 823 2252 arboreo
846 2191 932 2252 deuia
955 2200 1036 2252 terre
1059 2209 1156 2272 coma,

480 2291 539 2350 Aut
562 2290 668 2351 humer
691 2292 809 2369 ignotae
832 2289 960 2350 cumulis
983 2289 1109 2349 euitatus
1133 2308 1248 2349 arenae.

245 2415 327 2476 Libri
356 2418 426 2476 setis
455 2418 584 2476 uariant:
611 2408 774 2496 humer(-ri
796 2409 836 2496 N)
860 2417 976 2493 ignotae
1000 2413 1067 2496 FN,
1095 2416 1211 2492 ignotae
1240 2414 1347 2475 humor
1370 2413 1420 2474 DV

246 2534 261 2574 e
286 2515 448 2574 mutatione
473 2513 510 2573 de
537 2514 683 2574 industria
712 2514 801 2593 factm
830 2512 956 2572 cumulis
979 2511 1029 2571 Nu
1053 2511 1189 2573 cumulus
1213 2510 1268 2573 FV.
1315 2512 1420 2597 tierm-

245 2611 366 2690 bergius
390 2611 485 2672 dedit:

477 2709 536 2769 dut
559 2709 663 2768 humet
686 2711 804 2786 ignotae
828 2709 966 2769 cumulus
989 2707 1115 2770 uallatus
1138 2727 1258 2790 arenae,

246 2825 325 2904 quod
345 2824 561 2904 repudiandum
581 2825 710 2906 uidetur,
734 2827 803 2904 quia
827 2818 953 2884 ‘humet'
977 2827 1007 2884 in
1030 2823 1111 2884 nullo
1133 2833 1213 2885 extet
1237 2826 1338 2886 codice
1362 2845 1417 2887 nee

245 2924 363 3003 placent
386 2925 683 3004 propter'genetiuos
703 2923 795 2983 uerba
819 2919 968 2984 ‘cumulus
988 2923 1113 2983 uelietus
1132 2925 1257 3002 ignotae
1280 2921 1417 2986 erenae’.

246 3022 314 3082 ideo
338 3022 495 3101 legendum
520 3030 592 3103 puto
616 3040 684 3083 cum
708 3019 897 3082 Lachmanno
921 3021 1058 3101 aliisque:

477 3129 535 3190 Aut
558 3129 665 3190 humer
683 3131 800 3207 ignotae
821 3127 948 3189 cumulis
967 3129 1093 3189 uallatus
1112 3128 1249 3191 herenae.

245 3234 392 3297 Weberus
416 3229 459 3316 (p.
479 3231 537 3318 38)
562 3255 630 3296 cum
655 3244 713 3296 tem
738 3235 853 3295 foedam
878 3237 1043 3318 imaginem,
1067 3256 1134 3316 qua·
1148 3239 1365 3299 circumdatum
1384 3257 1416 3298 se

245 3392 370 3446 mentum
389 3407 446 3444 nou
463 3389 529 3444 inde
547 3389 606 3459 peti
626 3389 718 3456 cebet,
738 3389 813 3457 quod
831 3405 849 3442 a
866 3389 978 3459 uulgari
995 3390 1101 3460 fabula,
1120 3409 1177 3460 qua
1195 3411 1249 3448 non
1268 3392 1418 3462 Argynnus

245 3488 320 3540 aqua
334 3472 493 3526 submersus
508 3470 557 3525 sed
571 3469 663 3524 Diana
682 3467 789 3524 uiolata
803 3485 888 3524 causa
906 3486 1002 3526 morae
1015 3471 1101 3526 fnisse
1115 3470 1245 3538 traditur,
1256 3474 1292 3526 Pr
1329 3471 1417 3543 ertius

244 3551 291 3606 hic
314 3550 436 3606 recessit.
481 3550 561 3605 Vnde
586 3549 659 3604 enim
682 3549 868 3620 interpolator
893 3549 965 3604 hanc
988 3550 1130 3606 insolitam
1158 3551 1277 3604 formam
1325 3550 1417 3603 aurire

244 3631 356 3702 potuit?
392 3629 453 3685 Nec
472 3629 588 3683 dubium
607 3631 662 3700 est,
681 3629 749 3700 quin
766 3628 904 3686 Weberne
923 3631 1005 3685 aliter
1022 3631 1196 3685 iudicaturus
1214 3627 1311 3695 fuerit,
1330 3628 1355 3681 si
1373 3644 1416 3696 ea,

245 3727 316 3782 quac
341 3709 568 3766 Schneidewinue
592 3711 610 3766 l.
630 3711 648 3764 1.
672 3710 841 3780 disputauit,
864 3709 1039 3780 inspexisset.
1082 3709 1108 3762 Is
1131 3707 1205 3760 enim
1233 3723 1296 3759 cum
1323 3706 1416 3762 afferri

244 3794 317 3847 bane
340 3791 466 3846 fabulam
489 3807 506 3844 a
528 3791 687 3862 Propertio,
711 3794 743 3846 ut
768 3791 835 3846 ‘non
858 3792 963 3846 habere
986 3789 1090 3843 undam
1113 3786 1191 3840 deos'
1215 3787 1253 3854 (u,
1274 3790 1318 3855 18)
1341 3805 1416 3842 com·

244 3873 392 3942 probetur,
415 3870 600 3940 intellexerit,
623 3873 807 3942 premendum
830 3888 889 3926 esee
913 3869 1053 3924 distichon
1071 3874 1105 3920 23
1124 3866 1281 3921 luculenter
1302 3869 1415 3923 demon-

245 3953 323 4008 strat.
356 3952 416 4005 Hoc
435 3951 522 4021 igitur
540 3969 557 4007 a
575 3954 660 4022 poete
678 3969 737 4008 esse
757 3953 875 4006 dictum:
903 3949 948 4002 ‘in
969 3949 1051 4002 litore
1069 3944 1214 4000 Aulidensi
1232 3948 1415 4020 Agamemno,

245 4051 308 4088 eum
327 4034 442 4102 propter
460 4031 622 4102 Argynnum
641 4033 747 4088 diutius
766 4031 954 4086 commoratus
978 4029 1064 4094 esset,
1088 4025 1174 4080 marie
1192 4029 1299 4084 rabiem
1318 4031 1417 4087 sedare

244 4129 301 4167 non
319 4111 415 4182 potuit
432 4112 486 4166 nisi
503 4111 650 4183 Iphigenia
668 4111 838 4166 immolate).
869 4108 976 4163 Deinde
989 4124 1088 4162 uocem
1107 4109 1220 4177 ‘poena'
1236 4112 1312 4164 recte
1329 4109 1417 4166 intei-

244 4195 358 4262 pretens
383 4191 441 4246 ‘die
465 4193 557 4248 Sribne
583 4193 638 4247 fiir'
665 4192 711 4260 (ef.
731 4191 757 4242 ΙΙ
776 4196 802 4257 8,
821 4193 866 4259 33)
889 4190 963 4242 hane
984 4204 1045 4243 esse
1067 4187 1204 4254 templum
1226 4188 1310 4260 illud,
1338 4194 1417 4259 quod

243 4276 417 4344 Agamemno
431 4273 535 4328 Veneri
547 4275 662 4343 propter
675 4271 840 4341 Argynnum
854 4271 966 4339 raptum
981 4267 1130 4337 dedicauit,
1144 4285 1306 4339 persuasum
1320 4272 1419 4343 habet,

245 4354 279 4409 cf.
290 4353 393 4408 Athen.
403 4353 469 4407 XIII
478 4373 505 4423 p.
517 4353 600 4409 603d.
628 4351 667 4405 At
684 4351 757 4406 hanc
776 4349 993 4420 explicationem
1006 4352 1079 4405 sture
1092 4367 1149 4405 non
1167 4367 1248 4420 posse
1266 4352 1420 4420 propterea

206 4500 208 4504 ι
244 4437 319 4503 quod
338 4435 367 4489 in
387 4434 514 4505 Cephissi
537 4432 600 4502 ripa
622 4432 760 4502 templum
784 4447 844 4486 esee
868 4430 1052 4487 constitutum
1075 4433 1203 4486 auctores
1226 4431 1419 4488 consentirent

244 4514 468 4584 discrepantibus
487 4513 626 4582 Propertii
644 4513 737 4568 uerbis
763 4513 841 4568 ‘sunt
858 4513 953 4570 litora'
975 4513 1044 4569 Otto
1062 4513 1080 4566 i.
1100 4513 1118 4565 l.
1137 4510 1218 4566 uidit.
