3067 5042
749 355 988 418 -152-

286 527 394 599 antem,
417 521 562 598 imprimis
586 518 698 604 lleilius
723 513 860 599 (custode
885 512 1025 599 relegor),
1048 519 1119 580 Luc.
1142 519 1302 582 Muellerus
1326 517 1461 601 (custodi

288 612 452 698 excludor),
472 616 624 677 Palmerus
641 611 779 698 (custode
793 613 912 697 eludor)
928 627 958 676 et
972 619 1029 696 ipsi
1048 617 1138 678 huius
1153 618 1278 679 familiae
1297 618 1461 680 lectionum

289 717 413 793 uestigia
446 723 600 776 seruantes
635 714 815 776 uocabulum
848 722 949 774 custos
982 715 1018 775 de
1052 715 1176 794 Cynthia
1213 718 1463 799 interpretantur,

287 832 362 893 qnae
386 811 467 873 nullo
491 813 547 873 alio
572 821 700 874 amatore
725 814 854 874 admisso
878 812 965 872 fidem
984 815 1175 891 praestiterit.
1212 813 1287 893 Apte
1305 814 1463 875 Palmerns

282 912 404 986 ¹confert
426 910 452 970 ll
477 908 528 992 18,
551 908 607 972 35:
641 911 707 991 lpse
731 919 801 971 tuus
825 929 942 990 semper
967 909 1018 970 tibi
1043 912 1082 969 sit
1110 911 1243 972 custodia
1272 911 1376 973 lectus.
1423 911 1465 973 Et

287 1009 335 1069 lric
359 1005 465 1068 sensu's
489 1007 564 1068 bene
589 1008 708 1069 tolerari
737 1028 825 1088 posse
850 1009 920 1069 mibi
944 1007 1078 1088 uidetur,
1107 1016 1139 1068 111
1165 1008 1200 1069 ad
1224 1012 1462 1072 misericordiam

286 1106 401 1186 puellae
430 1106 614 1167 excitandam
642 1107 817 1186 Propertius
845 1107 923 1167 dicat
952 1104 1007 1165 sibi
1037 1106 1157 1168 excluso
1187 1126 1202 1166 a
1229 1111 1322 1169 sancti
1351 1112 1465 1170 amoris

286 1204 408 1265 custode
429 1203 455 1262 h.
476 1223 500 1264 e.
524 1223 538 1263 a
559 1204 691 1285 Cynthia,
715 1224 803 1283 quam
828 1223 949 1264 seruare
973 1204 1061 1264 sidem
1085 1205 1152 1265 cum
1177 1206 1283 1284 gaudio
1307 1207 1465 1288 intellexit,

286 1305 409 1363 miseras
438 1319 555 1381 semper
581 1310 681 1362 noctes
707 1304 806 1363 inisse.
854 1303 1014 1363 Probarem
1045 1305 1135 1381 igitur
1159 1305 1253 1383 ipsam
1276 1304 1465 1385 Neapolitani

286 1401 453 1480 lectionem,
477 1402 533 1483 nisi
553 1400 665 1460 nudum
685 1399 846 1461 ablatiuum
865 1405 936 1480 poni
958 1420 1056 1468 sermo
1081 1400 1189 1462 latinus
1213 1409 1342 1483 uetaret,
1367 1406 1465 1464 tutius

246 1545 253 1554 .
287 1509 333 1559 est
352 1518 420 1558 cnm
439 1498 560 1559 lleinsio
580 1499 713 1560 datiuum
732 1503 902 1560 restituere.
926 1535 968 1542 —
993 1500 1096 1559 Restat
1121 1507 1153 1558 ut
1176 1499 1249 1559 duas
1273 1504 1466 1562 coniecturas

287 1598 431 1677 refellam,
461 1597 569 1677 quibus
597 1599 644 1658 lric
673 1598 690 1658 l.
715 1606 877 1679 temptatus
900 1607 954 1659 est.
1000 1597 1093 1657 Nimis
1117 1600 1195 1657 enim
1225 1598 1310 1678 longe
1337 1619 1352 1659 a
1377 1600 1467 1660 libris

287 1695 399 1756 recedit
432 1704 461 1756 et
489 1696 642 1756 molestam
666 1699 874 1775 repetitionem
898 1699 1043 1776 continet,
1076 1696 1155 1775 quod
1188 1695 1319 1757 llocbius
1352 1694 1466 1780 (symb.

286 1793 386 1874 philol.
411 1794 503 1854 Bonn.
527 1812 554 1873 p.
579 1791 657 1876 323)
688 1795 723 1855 ad
748 1813 777 1854 11.
801 1792 841 1854 31
872 1797 1036 1873 respiciens
1069 1794 1259 1854 scribendum
1293 1798 1466 1876 proposuit:

288 1894 382 1952 sancti
406 1891 548 1958 excludor
572 1891 739 1970 speculator
759 1893 876 1950 amoris.
913 1891 1009 1970 Prior,
1033 1910 1120 1970 quam
1145 1892 1232 1952 modo
1256 1894 1349 1974 attuli,
1373 1913 1466 1953 causa

288 1989 366 2050 ualet
390 1991 477 2049 etiam
502 1991 533 2048 in
557 1991 758 2049 coniecturam
782 1988 927 2049 Friderici
950 1987 1009 2049 Leo
1038 1983 1080 2067 (p.
1104 1984 1199 2072 438),
1227 1994 1279 2069 qni
1302 1990 1360 2070 legi
1386 1991 1467 2052 nult:

287 2087 408 2147 discedo
437 2085 536 2146 elusor
564 2089 681 2147 amoris.
728 2085 765 2147 Et
796 2089 903 2147 nimiae
936 2086 1035 2147 bercle
1069 2087 1207 2146 audaciae
1236 2095 1282 2148 est
1313 2088 1349 2147 ad
1383 2088 1467 2148 illam

287 2185 471 2245 efficiendam
504 2204 630 2266 nouum,
663 2185 740 2263 quod
776 2203 921 2263 nusquam
954 2183 1076 2265 legitur,
1109 2184 1236 2243 uerbum
1267 2186 1467 2267 conformare,

291 2282 376 2362 qualo
400 2292 445 2342 est
470 2278 604 2345 ‘elusor'.
640 2282 742 2361 ltaque
767 2302 835 2343 cum
859 2301 897 2341 ne
921 2285 1103 2343 coniecturis
1122 2281 1242 2360 quidem
1265 2281 1335 2342 hnic
1361 2289 1467 2344 uersui

291 2399 361 2442 uera
386 2381 434 2439 lux
460 2380 570 2442 allrrndl
595 2384 696 2460 possit,
720 2383 901 2442 tutissimum
927 2389 999 2459 puto
1019 2383 1048 2440 in
1068 2379 1116 2440 illa
1141 2378 1277 2462 lectione,
1301 2401 1390 2460 qnam
1415 2383 1465 2442 FN

289 2479 420 2540 indicant
450 2474 577 2537 ‘custodi
606 2473 758 2538 excludor’
788 2481 991 2560 acquiescere,
1021 2496 1197 2557 quamquam
1225 2479 1355 2540 nondum
1381 2491 1466 2541 extra

289 2594 406 2635 omnem
445 2573 659 2634 dubitationem
697 2575 775 2636 illam
808 2595 875 2635 esse
907 2575 1095 2637 Laclrmanno
1133 2578 1272 2637 concedo.
1329 2579 1465 2658 [lenique

289 2685 489 2734 commemoro
513 2690 561 2732 me
586 2691 644 2731 non
669 2675 807 2732 assentiri
830 2674 961 2734 Hetzelio
989 2671 1063 2757 (Zur
1086 2673 1209 2735 Erlrla'rr.'
1224 2675 1250 2736 d.
1274 2675 1375 2757 Prop,
1405 2677 1465 2736 llil·

288 2770 385 2848 lenbg.
404 2766 512 2850 1816),
536 2773 587 2848 qui
607 2790 634 2849 p.
652 2768 742 2849 1411.
766 2781 862 2832 totum
885 2774 1032 2834 distichon
1057 2776 1192 2852 spurium
1216 2793 1282 2834 esse
1301 2775 1465 2835 contendit.

288 2869 362 2929 Nam
386 2870 464 2948 qnod
489 2867 667 2930 uocabulum
692 2864 817 2930 ‘eustos'
841 2872 899 2932 buc
923 2872 1034 2933 illatum
1058 2892 1124 2932 esse
1148 2875 1188 2933 ait
1217 2892 1253 2932 ex
1277 2875 1464 2952 insequentis

234 3031 237 3036 .
289 2966 398 3044 elegiae
422 2986 450 3029 u.
474 2964 504 3048 9,
527 2986 632 3045 parum
656 2967 744 3028 babet
767 2968 992 3052 probabilitatis
1016 2973 1155 3050 qnoniam
1179 2973 1263 3032 initio
1287 2971 1376 3031 buius
1400 2989 1463 3029 oar-

291 3068 378 3126 minis
407 3068 512 3145 ingens
535 3067 650 3127 Amoris
679 3070 739 3148 uis,
768 3071 817 3128 oui
841 3072 939 3130 resisti
964 3078 1105 3150 nequeat,
1136 3088 1151 3128 a
1175 3077 1260 3148 poeta
1284 3069 1465 3148 depingitur.

292 3150 426 3224 Dubitari
449 3173 549 3244 potest
571 3165 607 3224 de

290 3306 315 3365 ll
339 3305 390 3388 32,
413 3305 470 3368 61:
516 3307 600 3377 Quod
626 3311 651 3367 si
675 3317 708 3368 tu
731 3309 833 3367 Graias
857 3327 889 3366 cs
914 3317 1005 3386 tuque
1030 3310 1142 3367 imitata
1165 3306 1297 3385 LatinaS,

565 3403 688 3481 Semper
713 3405 872 3463 uiue'meo
897 3403 989 3465 libera
1012 3404 1131 3464 indicio.

288 3558 349 3618 Nec
369 3560 547 3635 scripturam
568 3550 671 3630 ‘toque
691 3571 723 3613 es
741 3551 876 3636 imitata’,
901 3574 987 3634 quam
1007 3555 1057 3615 FN
1077 3553 1243 3634 perhibent,
1264 3572 1318 3612 nec
1338 3555 1460 3612 familiae

289 3655 337 3714 DV
362 3651 437 3714 ‘sine
458 3671 489 3711 11
513 3645 574 3711 im'
598 3659 676 3711 stare
700 3671 787 3732 posse
811 3657 841 3713 in
867 3654 1023 3732 propatulo
1046 3662 1100 3712 est.
1137 3649 1349 3727 Hertzbergius
1372 3652 1460 3728 igitur

291 3753 426 3811 codicum
451 3748 660 3810 nonnullorum
685 3751 842 3811 deterioris
871 3760 957 3811 uotae
986 3752 1093 3810 iudicia
1117 3756 1238 3809 secutus
1262 3766 1331 3808 cnm
1353 3747 1459 3808 lalrobo

290 3850 411 3926 scripsit
431 3843 534 3925 ‘tuque
554 3866 586 3907 es
606 3845 731 3930 mirata',
750 3851 829 3928 quod
850 3849 976 3910 uerbum
992 3867 1059 3909 cum
1078 3846 1213 3906 imitandi
1232 3845 1325 3906 uerbo
1344 3850 1459 3926 saepius

290 3945 482 4006 confunditur
502 3964 556 4006 nec
576 3946 701 4007 multum
717 3948 816 4007 dillert
830 3948 864 4007 ad
885 3965 1014 4006 sensum.
1054 3946 1111 4005 Sed
1127 3954 1230 4006 contra
1244 3963 1347 4006 omnes
1371 3945 1459 4005 libros

289 4048 329 4104 ita
359 4051 473 4104 mutare
502 4047 589 4105 nimis
614 4054 659 4105 est
682 4045 856 4106 uiolentnm.
902 4044 967 4104 Non
996 4046 1088 4123 magis
1111 4043 1311 4124 Lachmanno,
1339 4047 1389 4122 qui
1417 4045 1457 4102 in-

288 4132 419 4224 geniose,
443 4152 476 4202 111
500 4161 616 4222 semper
636 4145 697 4202 lere
718 4142 803 4223 solet,
826 4142 1050 4203 rescribendum
1075 4144 1230 4221 proposuit
1253 4135 1457 4219 ε1111111111ιί-

290 4251 348 4302 tata
372 4236 486 4301 Latina'
510 4243 670 4321 assentior,
698 4259 766 4300 eum
795 4243 965 4301 mutationis
993 4260 1111 4302 cansam
1142 4259 1246 4319 parurn
1275 4241 1456 4318 perspiciam.

290 4326 416 4399 Facilior
439 4350 485 4400 est
509 4339 675 4399 emendatio
698 4337 879 4420 Baehrensii,
903 4341 953 4418 qui
977 4339 1092 4400 uoculis
1116 4342 1194 4398 inter
1219 4356 1251 4397 se
1274 4338 1456 4414 transpositis

260 4437 363 4514 ‚legit
395 4432 439 4497 ‘es
472 4445 563 4515 tuque
596 4432 728 4498 imitata'.
784 4436 967 4516 Quamquam
1000 4437 1037 4496 de
1070 4436 1124 4496 hac
1157 4452 1277 4514 qnoque
1315 4436 1456 4512 scriptura
