3067 5042
746 438 787 450 -—
839 402 900 467 188
943 438 990 475 ,-

283 566 420 647 puellam,
445 585 519 645 quae
541 584 572 626 se
592 585 658 627 esse
678 574 835 627 uenturam
860 564 990 647 pollicita
1009 546 1074 646 est,
1087 584 1203 626 summo
1224 585 1292 628 oum
1311 567 1470 630 desiderio

284 672 427 742 expectat.
469 664 551 735 erae
579 684 646 725 cum
672 665 770 727 subito
794 684 847 745 per
877 682 1005 743 puerum
1028 666 1152 724 missum
1176 675 1277 744 neget,
1305 668 1470 744 suspirans

284 760 506 840 lamentansque
536 765 565 822 in
595 762 671 822 13313
700 762 833 824 uoluitur
858 770 945 822 etex
970 780 1059 821 seruo
1090 779 1234 839 quaerere
1259 781 1318 822 non
1342 763 1470 845 desinit,
1522 754 1523 757 ¹

285 859 355 939 quid
375 862 413 920 sit
428 879 543 939 causae,
558 879 612 920 cur
628 863 730 921 uenire
747 859 795 920 iila
811 860 891 920 nolit.
929 859 970 919 lta
987 878 1054 920 curn
1069 877 1118 918 res
1133 877 1165 918 se
1181 857 1295 940 habeat,
1312 861 1469 938 quomodo

283 959 407 1036 uestigia
426 956 562 1017 lectionis
582 957 734 1018 codicibus
755 958 888 1040 traditae,
912 977 988 1037 quae
1010 967 1068 1018 est:
1092 953 1164 1017 ‘Cur
1183 960 1286 1039 recipi,
1305 977 1380 1037 quae
1403 980 1469 1021 non

283 1103 403 1160 notuerit
425 1054 473 1204 :³2
508 1096 609 1180 uetat',
640 1103 754 1163 seruari
779 1103 908 1180 possint,
934 1118 995 1161 non
1018 1102 1114 1161 uideo.
1156 1101 1357 1162 Baehrensius
1381 1106 1471 1164 enim

282 1244 311 1303 id
336 1240 479 1323 probans,
507 1243 585 1321 quod
610 1242 800 1304 Markiandus
822 1246 993 1321 temptauit:
1022 1247 1121 1324 quasi,
1147 1247 1185 1305 ita
1210 1244 1368 1323 legendum
1392 1269 1468 1327 pro·
1522 1292 1523 1333 ,

282 1342 380 1420 ponit:
404 1338 464 1399 Cur
488 1341 590 1421 recipi,
615 1343 697 1421 quasi
723 1359 782 1401 non
803 1343 930 1422 uouerit,
954 1341 1001 1401 illa
1027 1340 1129 1403 uetat?
1166 1341 1245 1402 Haec
1264 1363 1337 1404 uero
1357 1347 1468 1427 uerba,
1508 1378 1521 1396 ·

284 1439 361 1516 quod
386 1440 443 1498 iam
467 1437 671 1499 Lachmannus
696 1442 824 1520 monuit,
852 1441 910 1498 nisi
934 1442 1070 1520 amatori,
1098 1441 1150 1518 qui
1177 1442 1261 1517 quasi
1285 1460 1344 1500 non
1369 1452 1465 1503 notus
1517 1453 1521 1462 '

282 1555 298 1593 3
322 1534 418 1613 puelia
444 1536 624 1618 excluditur,
648 1556 705 1597 nou
731 1542 928 1620 conueniunt,
957 1558 1016 1618 quo
1044 1539 1080 1598 de
1111 1539 1297 1598 incommodo
1321 1539 1381 1627 hic·
1400 1561 1465 1602 non

209 1681 214 1690 .
284 1635 388 1712 agitur.
430 1635 474 1692 An
499 1629 604 1716 ‘tempi
627 1631 720 1696 uetat'
749 1636 827 1696 idem
855 1657 922 1698 3333
950 1637 1149 1697 Baehrensius
1178 1644 1280 1696 censet
1307 1655 1341 1696 ao
1370 1647 1463 1718 negat

283 1748 314 1790 se
339 1748 404 1790 csse
424 1729 603 1792 uenturam?
639 1732 750 1793 Deinde
771 1733 837 1794 13113
856 1737 1049 1813 iuterrogatio
1068 1737 1186 1794 iuuenis
1206 1734 1322 1812 decepti
1341 1737 1463 1812 queret·
1522 1794 1523 1799 ,

283 1828 340 1888 iam
363 1831 520 1889 continens
545 1832 632 1890 nimis
656 1830 782 1911 abrupte
806 1831 854 1891 hic
877 1833 987 1912 legitur
1006 1850 1103 1910 neque
1123 1832 1158 1891 ad
1183 1831 1368 1910 reliquorum
1391 1851 1462 1895 uer·
1522 1888 1523 1891 ,

282 1925 388 1986 borum
411 1935 591 1988 structuram
612 1929 744 2007 quadrat.
782 1929 863 1989 ldem
882 1931 944 1990 fere
964 1937 1053 2008 atque
1068 1931 1158 1988 etiam
1173 1931 1264 2006 magis
1279 1931 1310 1989 in
1325 1928 1462 1991 Brandtii
1522 1944 1523 1949 ’

283 2027 484 2085 coniecturam
508 2027 595 2108 cadit,
620 2029 670 2106 qui
694 2029 834 2106 proponit
858 2023 900 2110 (p.
927 2020 997 2110 19):
1522 2016 1523 2029 ¹

495 2150 555 2211 Gur
578 2154 683 2231 recipi,
708 2170 795 2230 quam
820 2170 878 2212 uon
903 2154 1032 2231 nouerit,
1055 2150 1103 2211 iiie
1128 2148 1231 2210 uetat?

281 2277 299 2334 i.
325 2293 349 2334 3.
378 2295 432 2334 cur
461 2276 563 2336 rirralis
594 2280 649 2336 iste
661 2273 705 2358 (?)
738 2285 820 2337 uetat
853 2295 917 2336 eam
945 2296 960 2335 3
984 2295 1030 2336 me
1059 2277 1162 2354 recipi,
1194 2295 1281 2355 quam
1310 2295 1364 2355 pro
1392 2297 1459 2338 mea

239 2415 243 2423 =
283 2371 396 2450 puellae
430 2374 625 2434 familiaritate
659 2395 696 2434 ne
724 2377 843 2435 nouerit
876 2370 1020 2452 quidem?
1056 2371 1122 2450 lpse
1150 2381 1263 2452 autem,
1297 2375 1367 2453 quid
1400 2376 1458 2436 sibi

283 2469 361 2528 obici
384 2473 478 2547 possit
501 2489 559 2530 non
583 2474 712 2552 ignorat,
741 2490 809 2533 cum
837 2473 909 2531 haec
933 2468 1033 2530 addat:
1064 2465 1166 2530 ‘erunt
1188 2474 1267 2531 enim
1292 2475 1343 2552 qui
1365 2475 1458 2533 inter-

283 2575 401 2644 rogent:
430 2570 496 2645 quis
525 2568 581 2627 hoc
605 2569 777 2647 atrgurando
801 2570 900 2648 potius
924 2585 1012 2646 quam
1036 2569 1192 2645 cogitando
1217 2571 1334 2648 assequi
1358 2579 1457 2649 potest

283 2664 440 2743 deceptum
464 2673 623 2726 amatorem
649 2685 677 2727 u.
702 2663 744 2726 48
773 2659 891 2744 toqux‘t'
938 2664 979 2723 43
1007 2665 1095 2724 nimis
1123 2675 1204 2725 certe
1234 2674 1280 2726 est
1307 2666 1456 2729 confidere

282 2760 427 2822 tectorum
452 2764 611 2843 sagacitati,
635 2765 669 2844 si,
693 2782 761 2825 cum
785 2759 875 2824 1347
900 2763 1076 2840 pronomine
1102 2756 1209 2822 ‘iilum'
1233 2765 1349 2825 iuuenis
1373 2765 1455 2841 puel-

282 2857 338 2918 lam
368 2859 478 2919 frustra
506 2871 665 2939 expectans
697 2863 895 2942 significetur,
923 2861 1001 2921 idem
1027 2878 1192 2938 pronomen
1215 2864 1246 2920 in
1269 2863 1403 2940 proximo
1429 2883 1457 2924 u.

281 2957 317 3016 de
341 2957 427 3017 riuali
451 2961 590 3037 usurpari
612 2979 699 3039 posse
723 2963 885 3036 existimat3
917 2976 1013 3036 neque
1042 2961 1121 3018 enim
1150 2959 1311 3038 quidquam
1334 2961 1459 3038 prodest

281 3073 461 3133 prouocasse
485 3056 520 3116 ad
545 3055 623 3138 119,
650 3057 665 3118 1
692 3057 801 3139 3148,
830 3059 899 3138 quia
927 3058 968 3115 ibi
997 3058 1140 3135 oppositis
1164 3058 1242 3116 inter
1266 3075 1297 3116 33
1322 3053 1403 3118 ‘iste’
1428 3068 1458 3119 et

282 3148 362 3231 ‘ego'v
384 3147 427 3233 (u.
451 3149 493 3213 48
518 3153 566 3213 1113
591 3147 652 3236 uir)
676 3156 790 3218 nullum
815 3156 995 3233 relinquitur
1018 3153 1154 3233 dubium,
1183 3172 1280 3232 neque
1304 3158 1457 3215 excusatio

282 3250 409 3328 petenda
438 3258 483 3309 331
511 3269 527 3310 3
556 3250 627 3312 13313
655 3256 792 3331 incertis,
824 3254 903 3333 quod
932 3251 1092 3311 Brandtius
1124 3252 1201 3311 iacit.
1253 3252 1354 3330 ltaque
1388 3273 1456 3314 cum

282 3365 379 3426 neque
399 3342 476 3407 ‘cur’
496 3367 592 3427 neque
612 3345 717 3412 ‘uetat’
737 3362 815 3412 stare
835 3351 938 3428 possit,
960 3350 1106 3407 assentior
1125 3347 1312 3409 Lachmanno
1331 3349 1456 3428 aliisque

282 3444 455 3525 editoribuS,
479 3449 531 3525 qui
554 3467 589 3508 ex
612 3448 788 3508 Bernardiui
811 3444 908 3505 Vallae
932 3443 1008 3502 libro
1032 3444 1088 3503 hoc
1112 3455 1305 3524 receperunt:

480 3571 575 3632 ¹Cum
600 3573 707 3652 recipi,
730 3589 832 3650 quem
856 3585 916 3627 non
939 3569 1058 3626 nouerit
1080 3566 1156 3644 1113,
1179 3575 1289 3645 putat.

283 3697 410 3756 Sensum
429 3696 478 3757 ille
498 3695 573 3756 bene
592 3697 632 3756 113
653 3695 792 3774 explicat:
816 3707 923 3752 caecus
942 3690 986 3760 ira
1005 3696 1126 3767 amator,
1146 3690 1214 3767 quia
1233 3689 1331 3769 puella
1350 3695 1454 3753 uenire

281 3804 377 3875 negat,
402 3797 500 3855 statim
524 3792 613 3855 alium
637 3795 730 3870 recipi
754 3792 932 3870 suspicatur,
957 3791 1020 3850 sine
1044 3807 1141 3869 causa,
1164 3807 1233 3850 cum
1257 3790 1353 3869 puella
1377 3811 1455 3872 eum,

209 3887 220 3904 “
282 3911 370 3970 quem
399 3892 454 3952 sibi
483 3891 646 3972 praelatum
677 3896 774 3969 putat,
806 3906 843 3947 ne
872 3890 992 3948 nouerit
1022 3887 1150 3967 quidem.
1197 3889 1331 3967 denique
1364 3887 1454 3948 Lach-

282 4006 408 4049 mannus
434 4022 471 4031 -
498 3994 619 4067 propter
643 3987 718 4047 hanc
743 3988 821 4046 enim
849 3986 1077 4067 discrepantiam
1104 3988 1276 4049 tractandus
1301 3982 1385 4046 nobis
1409 3998 1456 4048 est

282 4087 365 4148 locus
391 4120 429 4128 —
456 4081 536 4165 ‘iila',
565 4084 643 4162 quod
668 4084 721 4143 DV
745 4082 898 4164 exhibent,
926 4087 991 4146 iure
1015 4085 1159 4167 praefert,
1183 4105 1252 4147 cum
1276 4103 1335 4145 non
1359 4084 1454 4145 solum

282 4186 317 4245 ad
343 4203 461 4245 sensum
486 4185 584 4261 aptius
608 4184 655 4261 sit,
678 4180 730 4242 sed
754 4177 826 4241 ‘ille'
851 4201 887 4242 ne
912 4182 984 4242 ierri
1007 4183 1127 4262 quidem
1150 4185 1253 4262 possit.
1300 4182 1372 4241 Nam
1397 4186 1455 4243 etsi

283 4302 387 4343 uerum
408 4291 462 4363 331,
481 4282 558 4360 quod
575 4279 786 4360 Hertzbergius
800 4299 907 4342 uersus
924 4283 1042 4341 maioris
1063 4280 1230 4341 subiectum
1245 4282 1275 4339 in
1289 4297 1318 4341 u.
1338 4283 1454 4342 minore

283 4400 370 4461 saepe
395 4382 569 4460 pronomine
590 4374 662 4438 ‘ille'
678 4381 775 4459 excipi
798 4381 879 4460 dicit,
902 4387 1001 4453 tamen
1024 4379 1085 4438 hoc.
1103 4381 1134 4438 iu
1159 4397 1210 4437 333
1234 4387 1347 4438 tantum
1371 4373 1477 4440 locos'¹

282 4478 372 4557 ualet,
391 4477 443 4538 uhi
461 4477 642 4558 praecedens
662 4477 829 4557 subiectum
849 4486 894 4538 331
913 4495 1030 4556 nomen,
1051 4494 1119 4536 cum
1138 4476 1186 4535 hic
1205 4492 1297 4536 unum
1316 4475 1455 4554 idemque
